2866 5002
336 565 607 618 OARTULARIUM
626 565 827 616 ARBAT'HIAE
849 565 895 615 DE
916 565 1101 617 WHITEBY.
1229 537 1291 614 2371

147 733 269 809 divina,
291 732 428 795 Eboraci
451 729 652 812 Archie'pus‚
674 729 800 813 singliae
826 729 961 807 Primus,
984 737 1089 795 cartas
1115 737 1149 796 ct
1174 732 1295 814 scripta

146 831 382 896 venerabilium
405 837 543 913 patrum,
565 829 769 893 dominorum
791 830 951 907 Turstani,
965 830 1111 909 Raurici,
1125 830 1295 908 Willelmi,

146 931 274 1016 Rogeri‚
287 931 556 1014 praedecessorum
567 935 758 1005 nostrorum,
767 929 969 1012 inspeximus
984 931 1044 994 sub
1059 930 1120 994 hac
1130 931 1233 994 forma
1243 954 1295 995 :-

144 1031 352 1107 Thurstinus
366 1029 407 1094 D.
429 1029 467 1093 G.
487 1027 624 1092 Eboraci
645 1027 843 1110 Archie’pus,
867 1028 1018 1112 Capitulo
1041 1030 1072 1096 S.
1087 1030 1176 1095 Petri
1198 1030 1293 1095 Ebor.

145 1136 183 1195 61
212 1149 296 1192 omn.
323 1127 526 1212 parochianis
554 1127 630 1203 suis,
656 1146 680 1190 s.
707 1133 740 1189 61
768 1126 834 1190 Dei
858 1127 1126 1195 benedictionem
1181 1128 1295 1194 Nostri

146 1227 324 1293 ministerii
345 1233 394 1290 est
416 1233 516 1290 terras
543 1231 576 1288 61
601 1225 891 1308 possessi(78)0nes
918 1226 1149 1293 ecclesiasticas
1172 1228 1236 1311 [etc.
1258 1249 1295 1292 aa

145 1329 190 1393 ia
204 1326 366 1408 N0.198].

193 1428 280 1491 Item
292 1423 517 1500 :-Henricus‚
546 1423 587 1488 D.
618 1423 666 1501 G„
695 1423 832 1486 Eboraci
864 1423 1065 1508 Archie’pus.
1124 1426 1292 1512 R[oberto]

144 1527 282 1590 Decano
297 1531 329 1588 et
345 1523 496 1607 Capitulo
511 1523 542 1587 S.
558 1522 656 1600 Petri,
671 1529 704 1587 et
727 1542 810 1585 omn.
825 1521 1029 1604 parochianis
1051 1523 1129 1602 suis,
1143 1546 1167 1590 s.
1182 1533 1215 1591 et
1229 1526 1294 1592 Dei

144 1625 415 1689 benedictionem.
459 1622 510 1685 Ad
534 1621 749 1704 episcopalem
764 1621 839 1704 [eta
853 1643 889 1685 as
910 1624 947 1686 e'a
967 1623 1026 1688 No,
1044 1628 1117 1701 199,
1130 1645 1166 1689 cs
1180 1627 1244 1708 far
1257 1647 1294 1690 us

144 1731 165 1759 “
175 1725 217 1790 (16
235 1724 383 1808 synodo,’'
400 1724 482 1806 eflar
496 1723 596 1784 661161
610 1723 752 1785 11666166
765 1742 801 1784 us
814 1720 940 1806 follows
950 1721 1194 1806 :]1-Proeterea
1208 1745 1293 1803 vero,

145 1824 247 1908 praed.
262 1823 414 1887 Ecclesiae
437 1822 467 1886 S.
484 1822 519 1887 P.
535 1829 568 1885 et
583 1822 613 1885 S.
630 1820 750 1904 Hyldae
772 1820 812 1884 (16
827 1820 993 1905 Whiteby,
1009 1829 1042 1885 et
1063 1842 1148 1888 mon.
1163 1823 1206 1888 ib.
1221 1822 1293 1890 Deo

146 1943 240 1999 seru,
256 1942 343 1986 conc.
359 1927 391 1985 et
407 1921 499 1998 coni,
509 1921 545 1983 in
560 1921 651 1985 elem.
667 1940 765 2003 perp,
779 1920 866 2003 quod
875 1920 978 2004 Reges
992 1920 1120 2005 Angliae
1135 1921 1293 1987 dederunt

146 2027 183 2086 et
221 2020 451 2086 coni—videl.
482 2040 566 2085 omn.
595 2019 763 2083 libertates
800 2025 833 2082 et
861 2019 1035 2103 dignitates
1072 2021 1225 2087 Ecclesiae
1261 2022 1292 2086 S.

147 2122 173 2186 J
175 2120 311 2185 ohannis
327 2120 367 2184 de
390 2119 562 2184 Beverlaoo
578 2124 610 2182 et
632 2118 718 2183 Ecol.
734 2118 765 2184 S.
781 2118 927 2183 Wilfridi
949 2118 989 2184 (16
1011 2121 1137 2204 Rypon,
1152 2128 1185 2187 et
1206 2122 1293 2188 Eccl.

149 2222 183 2286 S.
196 2221 285 2285 Petri
296 2220 336 2283 de
351 2221 502 2284 Eboracu
540 2218 753 2284 Concedimus
765 2218 863 2282 etiam
875 2219 1073 2284 Mouasterio
1085 2221 1292 2305 deWhiteby
1398 2294 1400 2299 ,

148 2328 185 2385 61
207 2341 292 2385 mon.
309 2319 453 2403 ejusdem
475 2319 539 2382 loci
561 2319 636 2384 eccl.
652 2319 746 2383 Omn.
767 2318 960 2383 Sanctorum
981 2320 1022 2385 de
1036 2320 1234 2407 chhergate
1256 2320 1293 2387 in

146 2421 303 2498 EboracO,
318 2440 393 2484 cum
414 2424 493 2501 pert.
510 2417 586 2494 suis,
601 2438 673 2500 quae
692 2417 821 2502 propria
836 2418 918 2482 cella
936 2426 986 2484 est
1007 2422 1237 2487 monachorum
1251 2421 1293 2487 (16

147 2519 317 2603 Whiteby,
330 2519 465 2582 liberam
481 2523 513 2582 et
528 2517 673 2600 quietam
688 2517 728 2580 ab
743 2518 833 2581 omni
854 2518 1029 2604 episcopali
1049 2521 1293 2606 consue(79)tu-

146 2620 237 2696 dine,
259 2639 356 2701 quam
381 2617 567 2681 Willehnus
594 2622 627 2680 et
655 2616 825 2694 Henricus
847 2617 949 2701 Reges
971 2618 1108 2704 Angliae,
1129 2621 1293 2686 antedicto

148 2718 351 2784 Monasterio
374 2718 404 2782 S.
426 2718 461 2780 P.
484 2724 517 2780 61
539 2717 570 2781 S.
587 2716 707 2800 Hyldae
721 2717 761 2781 (16
783 2716 940 2801 Whiteby
954 2718 1121 2798 dederunt,
1137 2741 1212 2786 eum
1233 2720 1293 2786 tali

145 2820 300 2884 libertate
314 2818 443 2901 qualem
466 2818 587 2882 habent
607 2817 693 2882 Eccl.
709 2818 739 2882 S.
755 2818 778 2881 J
780 2817 829 2880 oh.
845 2817 886 2881 de
908 2818 1081 2882 Beverlaoo
1103 2826 1137 2883 61
1157 2819 1244 2884 Ech
1260 2819 1293 2885 S.

147 2918 306 3001 Wyliridi
320 2919 360 2982 de
382 2918 507 3001 Rypon,
522 2925 561 2982 ut
581 2918 629 2982 ibi
651 2917 754 3000 aliqui
776 2916 926 2979 monachi
948 2916 988 2980 (16
1002 2918 1159 3001 Whiteby
1170 2919 1293 3004 jugiter

148 3025 305 3082 maneant
319 3024 352 3081 et
367 3017 535 3081 servitium
550 3017 614 3080 Dei
632 3017 674 3080 ib.
689 3037 748 3099 pro
763 3015 905 3099 Regibus
920 3015 1048 3099 Angliae
1063 3023 1096 3081 et
1110 3016 1292 3081 haeredibus
1373 3088 1375 3093 ,

148 3139 263 3183 eorum
289 3119 439 3182 continue
469 3115 638 3180 celebrent.
696 3115 853 3179 Similiter
878 3115 1084 3180 concedimus
1115 3123 1148 3180 et
1178 3115 1292 3180 confir-

149 3238 279 3281 mamus
301 3216 497 3280 Monasterio
520 3216 560 3279 de
579 3215 736 3298 Whiteby
754 3220 787 3278 61
808 3235 894 3279 mon.
912 3214 1056 3297 ejusdem
1077 3216 1149 3294 loci,
1172 3216 1292 3281 ferrum

145 3316 312 3402 judiciale,
327 3337 401 3380 cum
423 3321 501 3399 pert.
518 3315 594 3392 suis,
609 3322 642 3379 et
662 3315 789 3391 fossam,
805 3334 880 3378 cum
902 3315 1052 3380 omnibus
1067 3336 1142 3400 quae
1162 3317 1203 3382 ad
1219 3338 1291 3382 eam

148 3418 322 3501 pertinent.
368 3415 580 3479 concedimus
596 3415 694 3478 etiam
709 3420 742 3478 61
757 3415 982 3478 confirmamus
1002 3415 1098 3499 praed.
1114 3416 1237 3481 Mon’io
1251 3416 1292 3482 (16

148 3516 309 3597 Whiteby
331 3514 405 3579 eccl
422 3514 452 3579 S.
469 3514 589 3597 Hyldae
611 3514 651 3578 de
673 3514 900 3598 Midilsburgh
923 3535 998 3579 cum
1019 3523 1099 3600 pert.
1122 3517 1199 3595 suis,
1218 3537 1292 3601 quaa

149 3624 201 3681 est
216 3615 299 3680 cella
314 3635 398 3678 mon.
418 3614 741 3697 praenominatorum„
756 3614 810 3679 lib.
827 3621 860 3679 et
876 3636 927 3698 qu.
944 3616 984 3680 ab
1008 3617 1097 3680 omni
1118 3615 1293 3701 episcopali

149 3714 390 3780 consuetudine.
450 3713 627 3778 Ecclesiam
656 3734 731 3777 vero
761 3714 791 3777 S.
822 3715 911 3778 Petri
941 3714 981 3778 (16
1011 3716 1190 3794 Hakuesse,
1218 3736 1292 3800 quae

151 3814 304 3878 similiter
327 3814 454 3896 propria
475 3821 524 3878 est
547 3813 628 3877 cella
649 3813 881 3877 monachorum
901 3813 941 3878 (16
960 3813 1126 3898 Whiteby,
1145 3815 1181 3878 in
1204 3834 1292 3898 perp.

150 3914 243 3977 elem.
266 3914 498 3976 confirmamus.
544 3913 603 3976 Hii
626 3919 703 3977 sunt
724 3920 832 3978 testes.
877 3913 1055 3989 Savaricus,
1070 3912 1182 3978 Abbas
1196 3913 1291 3980 Ebor.

150 4012 334 4087 Aelredus‚²
348 4012 459 4076 Abbas
482 4012 703 4076 Rievallensia
748 4012 939 4089 Bernardus,
955 4011 1046 4074 Prior
1067 4010 1108 4074 (16
1130 4010 1292 4095 Bridling-

150 4110 251 4178 tona³
305 4112 510 4189 Outhbertus,
535 4111 627 4175 Prior
650 4111 689 4174 de
714 4111 889 4195 Gysburn.⁴
941 4108 1117 4185 Galfridus,
1137 4109 1228 4173 Prior
1249 4109 1291 4175 (16

149 4211 367 4297 Kyrkeham.⁵
412 4212 570 4275 Robertus
585 4209 847 4274 Archidiaconus.

187 4349 196 4381 ¹
215 4349 301 4398 There
320 4365 363 4398 are
376 4348 519 4398 variatione
537 4348 565 4396 in
584 4347 698 4413 spelling
716 4363 744 4397 as
763 4346 861 4406 before,
876 4344 927 4395 but
945 4361 1013 4395 none
1030 4344 1059 4396 ol
1075 4344 1188 4397 interest
1200 4360 1230 4395 οι·
1241 4345 1290 4398 im·

150 4439 279 4500 portauee
716 4428 726 4461 2
745 4428 896 4490 Hailredus,
909 4427 979 4479 Abb‘
993 4428 1110 4481 Rie'woll’
1123 4428 1150 4479 in
1164 4427 1215 4481 No.
1231 4431 1289 4482 199.

186 4518 198 4555 3
219 4515 340 4566 Omitted
353 4515 378 4565 in
394 4515 442 4565 No.
461 4517 518 4564 199.
715 4510 726 4543 ⁴
746 4513 891 4563 Gisbreraia.
1094 4511 1105 4544 ⁶
1126 4511 1249 4569 Ilerdam.
