2866 5002
148 484 208 543 234
333 489 602 546 CARTULARIUM
620 487 822 539 ABBATHIAE
841 488 891 539 DE
909 488 1114 541 WHITEBY.

146 681 203 741 per
227 657 397 722 servitium
427 655 569 738 quinque
596 652 772 718 solidorum
797 653 921 736 argenti
955 654 1091 719 eisdem
1114 656 1235 720 Abbati
1258 662 1284 720 et

148 759 247 821 Conv.
271 756 310 819 (16
332 754 489 837 Whiteby
512 758 676 816 eteorum
699 751 935 815 successoribus
965 754 1150 817 annuatim
1178 755 1285 818 solven-

148 857 269 931 dorum,
286 855 326 919 ad
341 855 423 917 festa
439 853 469 916 S.
486 852 623 915 Martini
638 851 673 913 in
688 871 781 933 yeme
797 856 829 913 et
844 851 1075 930 Pentecostes,
1091 874 1152 936 per
1165 853 1285 938 aequales

148 956 318 1036 portiones,
332 973 390 1035 pro
406 952 493 1014 omni
508 949 648 1026 servitio,
662 955 759 1032 prout
780 948 816 1011 in
831 949 951 1031 scripto
976 950 1060 1015 inde
1085 953 1208 1016 eisdem
1227 973 1286 1016 con·

149 1054 233 1116 fecto
257 1051 401 1134 plenarie
427 1050 622 1125 continetur,
646 1068 683 1111 ac
707 1068 803 1130 super
829 1048 999 1131 arreragiis
1027 1052 1136 1132 praed
1161 1052 1286 1136 quinque

149 1151 323 1215 solidorum
353 1149 478 1232 argenti
514 1148 556 1212 lis
586 1155 674 1210 mota
710 1147 824 1211 fuisset
859 1148 945 1212 inter
976 1150 1140 1230 eosdem;
1175 1152 1287 1216 tandem

149 1251 295 1334 praedicti
318 1249 430 1312 Abbas
457 1253 489 1311 et
516 1247 616 1311 Conv.
643 1246 683 1310 de
709 1246 864 1330 Whiteby
880 1247 992 1312 omnia
1018 1253 1190 1336 arreragia
1209 1251 1287 1336 praed

149 1349 292 1432 quinque
307 1347 362 1412 sol.
378 1346 540 1430 praedictis
555 1345 678 1409 Abbati
701 1353 734 1409 et
757 1345 855 1410 Oonv.
878 1345 919 1409 de
940 1347 1066 1425 Melsa,
1091 1371 1198 1434 usquc
1218 1352 1288 1414 dien

150 1447 358 1512 confectionis
382 1447 599 1529 praesentium,
630 1445 761 1510 omnino
791 1445 969 1510 remittunt.
1018 1448 1068 1512 Et
1101 1451 1181 1516 inde
1208 1450 1288 1534 pmd

149 1548 261 1611 Abbas
276 1552 308 1611 et
324 1547 422 1611 Conv.
439 1546 478 1609 (16
493 1546 607 1623 Melso,
621 1566 678 1628 pro
693 1565 727 1609 se
742 1548 775 1609 et
789 1545 1027 1611 successoribus
1045 1549 1132 1627 suis,
1143 1550 1252 1615 volunt
1263 1553 1289 1612 et

151 1645 234 1732 [per]
257 1654 400 1710 tenorem
422 1645 631 1727 praesentium
657 1644 845 1720 concedunt,
860 1643 947 1727 quod
975 1645 1005 1709 si
1027 1647 1186 1713 redditus
1208 1649 1288 1732 praed

152 1747 296 1829 quinque
311 1745 366 1808 sol
390 1744 524 1827 argenti,
539 1743 581 1806 ad
596 1743 738 1826 aliquem
752 1743 936 1820 terminum,
949 1743 988 1807 in
1003 1752 1105 1827 parte
1117 1748 1173 1812 vel
1186 1749 1220 1812 in
1233 1753 1290 1812 toto

153 1867 172 1908 6
197 1852 280 1909 16116
304 1844 402 1907 fuerit
424 1864 490 1905 non
512 1843 647 1920 solutus,
661 1843 757 1907 liceat
779 1843 900 1906 eisdem
921 1842 1051 1908 Abbati
1076 1852 1114 1911 et
1137 1848 1236 1914 Conv.
1259 1847 1290 1910 de

152 1945 309 2027 Whiteby
336 1948 368 2007 ct
402 1963 512 2006 eorum
540 1942 785 2018 successoribus,
813 1947 881 2005 tarn
910 1942 947 2005 in
984 1942 1145 2010 Manerio
1175 1968 1232 2012 suo
1259 1947 1290 2010 dc

154 2044 287 2118 Ortona,
305 2039 387 2125 (76¹³)
404 2061 479 2104 cum
494 2045 582 2124 pert,
597 2061 696 2123 quam
715 2041 750 2104 in
765 2040 851 2104 dicto
866 2041 1041 2125 mesuagio,
1059 2063 1123 2126 pro
1139 2045 1233 2110 libito
1242 2066 1290 2111 suo

153 2143 273 2224 ubique
289 2141 478 2223 distringere
501 2147 535 2204 et
556 2140 773 2205 districtiones
791 2140 937 2217 retinere,
951 2160 1133 2226 quousque
1148 2146 1190 2209 (16
1204 2145 1290 2229 praed.

153 2241 281 2305 redditu
304 2241 448 2323 quinque
470 2239 526 2304 sol.
542 2240 675 2323 argenti,
696 2260 771 2304 cum
793 2239 942 2305 omnibus
964 2243 1141 2326 arreragiis
1164 2245 1208 2328 [si
1228 2265 1290 2328 quae

154 2340 289 2422 fuerint]
312 2345 385 2422 post
407 2338 520 2401 datum
541 2339 758 2421 praesentium,
770 2338 891 2402 eisdem
905 2338 1031 2403 Abbati
1053 2348 1091 2405 et
1115 2343 1291 2408 Conventni

155 2441 194 2504 de
220 2439 377 2522 Whiteby
402 2438 546 2521 plenarie
570 2437 669 2502 fuerit
694 2438 903 2502 satisfactum.
960 2437 1002 2501 In
1029 2440 1129 2522 cujus
1154 2443 1203 2507 rei
1226 2449 1290 2507 test

154 2540 240 2623 parti
269 2539 363 2602 istius
394 2537 575 2600 indenturae
604 2557 703 2621 penes
731 2537 827 2621 praed.
857 2536 1022 2601 Abbatem
1051 2546 1089 2602 et
1121 2541 1222 2606 Conv.
1257 2541 1290 2605 (16

154 2638 312 2720 Whiteby
326 2636 481 2700 residenti
502 2635 598 2717 praed.
620 2635 731 2699 Abbas
756 2643 789 2700 et
815 2636 916 2702 Conv.
931 2634 971 2699 de
994 2635 1107 2702 Melsa
1129 2641 1189 2724 sig.
1205 2661 1290 2706 suum

155 2758 324 2802 commune
339 2742 574 2818 apposuerunt3
594 2735 695 2798 altera
709 2756 784 2799 vero
798 2742 889 2820 parte
903 2735 963 2818 sig.
979 2740 1152 2803 communi
1165 2741 1290 2824 praedic-

154 2844 261 2900 torum
272 2835 410 2898 Abbatis
425 2841 458 2896 et
474 2834 573 2897 Conv.
590 2834 630 2897 de
646 2834 801 2917 Whiteby
817 2834 1012 2918 consignata
1057 2836 1191 2902 Datum
1213 2838 1291 2922 apud

155 2937 293 3000 Melsam
309 2935 360 2998 die
376 2935 398 2997 J
400 2934 467 2996 ovis
482 2933 518 2995 in
533 2933 615 2997 festo
631 2934 661 2998 S.
678 2934 836 2998 Leonardi
849 2934 996 3011 Abbatis,
1007 2934 1047 3000 A.
1060 2936 1105 3002 D.
1122 2940 1291 3004 millesimo

154 3045 245 3099 6661110
259 3034 501 3118 quadragesimo
516 3039 636 3096 octavo.

176 3267 349 3333 COXOIV.
373 3267 565 3330 Corrrrrro
580 3281 679 3337 mrsu
694 3267 844 3331 Farrars
861 3267 1016 3333 Mmours
1031 3270 1274 3339 Esorscansrs

350 3395 393 3440 nn
409 3394 512 3441 nourr
527 3378 679 3440 Murmur
695 3394 812 3442 nosrar
827 3395 864 3442 rr
879 3380 1104 3448 Frorrrncsrr.

198 3541 356 3605 Omnibus
379 3541 440 3604 hoc
464 3561 522 3605 scr.
537 3541 594 3604 vis.
611 3540 662 3604 vel
685 3540 756 3604 aud.
780 3540 960 3616 Robertus1
983 3543 1026 3607 D.
1053 3543 1104 3622 G,
1119 3547 1234 3612 Abbas
1257 3549 1293 3612 dc

154 3641 310 3722 Whiteby
327 3646 359 3703 et
379 3640 524 3721 ejusdem
537 3640 601 3703 loci
622 3640 720 3704 Conv.
745 3640 820 3703 sin
842 3641 992 3706 Domino.
1037 3642 1180 3710 Noverit
1207 3648 1292 3711 univ.

154 3762 184 3804 v.
200 3761 267 3816 nos,
289 3760 346 3822 pro
369 3739 462 3802 nobis
485 3744 517 3802 et
539 3759 672 3804 success.
695 3740 823 3817 nostris,
839 3739 878 3818 (1.,
893 3760 920 3806 c.
935 3746 968 3804 ct
982 3741 1052 3806 hoc.
1068 3763 1117 3826 pr.
1134 3766 1194 3812 scr.
1210 3748 1290 3812 conl.

153 3839 238 3901 D'no
254 3838 437 3902 Guichardo
452 3838 492 3901 (16
508 3838 655 3902 Sharrom
673 3846 706 3902 61
720 3838 793 3903 haer.
809 3838 885 3916 suis,
899 3839 952 3903 vel
974 3841 1158 3925 assignatis,
1172 3846 1293 3910 fontem

153 3942 299 3998 nostrum
314 3935 371 4018 qui
386 3941 434 3999 est
449 3937 484 3998 in
499 3937 584 4000 fossa
600 3937 734 4000 australi
748 3935 854 4002 areae²
868 3943 986 4002 nostrae
1001 3940 1088 4023 apud
1104 3942 1293 4020 Eboracum,

153 4035 194 4096 ad
214 4035 407 4098 conductum
432 4056 523 4118 aquae
548 4037 732 4101 faciendum
757 4038 794 4101 in
818 4037 929 4103 eadem
961 4039 1056 4118 fossa,
1083 4047 1181 4108 extra
1202 4045 1293 4111 dictae

153 4154 233 4197 arere
256 4135 493 4218 claus[t]urum,
508 4136 548 4199 ad
571 4157 651 4219 opus
675 4139 824 4202 Fratrum
847 4138 1014 4202 Minorum
1036 4141 1187 4224 ejusdem
1207 4144 1292 4210 civi-

188 4283 194 4310 ¹
215 4282 313 4334 Robert
335 4285 368 4335 (16
388 4285 523 4351 Laugtoft,
536 4302 670 4337 successor
691 4288 719 4338 of
740 4289 860 4341 William
881 4290 914 4340 (16
933 4289 1079 4354 Briniston,
1103 4293 1166 4346 who
1188 4295 1293 4346 diedin

154 4367 228 4414 1265.
267 4367 366 4418 Robert
380 4369 437 4418 died
451 4369 559 4420 himself
571 4369 597 4419 in
613 4372 688 4425 1278.

186 4447 195 4477 ²
214 4464 301 4498 (murco.
