2866 5002
241 557 515 611 CARTULARIUM
533 555 736 608 ABBATHIAE
754 556 803 608 DE
821 554 1007 606 WHITEBY.
1083 631 1085 634 y
1133 542 1193 601 249

330 809 471 874 OOOVI.
493 809 547 871 Da
562 821 726 872 accursus
741 823 784 871 nn
800 809 921 872 Saura.

102 935 197 999 Omn.
207 934 237 998 S.
249 934 294 997 M.
304 932 457 997 Ecclesiae
471 933 556 1009 filiis,
565 953 612 1014 pr.
623 931 777 1015 scriptum
793 931 851 997 vis.
866 932 920 996 vel
935 930 1016 1009 aud„
1031 931 1195 995 Walterus

54 1033 97 1096 de
113 1033 210 1116 Gray,
223 1033 341 1096 Rector
352 1031 495 1095 ecclesiae
508 1031 547 1094 de
560 1029 692 1107 Semar‚1
704 1030 842 1094 salutem
851 1030 886 1093 in
897 1031 1046 1095 Domino.
1060 1031 1197 1095 Noverit

54 1131 146 1196 univ.
173 1153 201 1196 v.
225 1152 277 1195 me
305 1131 408 1195 teneri
430 1130 553 1194 Abbati
575 1135 608 1193 et
632 1130 730 1194 Conv.
757 1130 797 1194 de
819 1129 974 1214 Whiteby
995 1130 1031 1193 in
1053 1130 1197 1214 quinque

24 1271 26 1276 -
54 1231 174 1295 marcis
200 1231 327 1307 annuis,
350 1231 482 1294 nomine
507 1229 671 1312 pensionis
698 1229 819 1293 eisdem
844 1228 961 1292 debitae
987 1230 1029 1293 ab
1056 1229 1131 1293 eccl.
1155 1229 1196 1292 de

56 1330 179 1406 Semar,
205 1330 296 1394 etin
320 1330 424 1393 tribus
450 1329 565 1392 marcis
590 1327 706 1391 annuis
727 1348 785 1411 pro
809 1328 942 1392 decimis
965 1331 1134 1412 garbarum
1156 1329 1196 1393 de

55 1428 219 1491 dominico
234 1428 378 1510 ejusdem
390 1428 486 1504 villa,
501 1447 581 1510 quas
592 1427 726 1510 promisi
741 1426 787 1490 eis
801 1425 939 1490 fideliter
948 1447 999 1491 me
1015 1427 1196 1490 soluturum

56 1527 99 1590 ad
115 1527 196 1590 duos
218 1527 296 1590 anni
311 1526 475 1603 terminos,
498 1530 697 1590 sacramento
719 1525 846 1589 interna
867 1529 975 1588 mente
998 1525 1197 1608 corporali-

56 1631 198 1709 quatuor
218 1626 314 1690 videl.
337 1626 435 1689 mad
457 1627 548 1690 Pent.
572 1632 605 1688 et
626 1630 765 1709 quatuor
785 1645 826 1688 m.
850 1624 890 1687 ad
912 1624 933 1687 f.
957 1624 987 1688 S.
1003 1625 1140 1688 Martini
1161 1625 1197 1688 in

55 1745 161 1808 yeme.
206 1724 242 1788 Si
268 1730 376 1788 autem
398 1725 445 1788 ita
471 1723 641 1808 contigerit
664 1723 759 1805 quod,
780 1722 817 1785 in
839 1722 949 1806 aliquo
971 1723 1197 1806 praedictorum

55 1823 277 1900 terminorum,
286 1822 322 1886 in
330 1823 489 1887 solutione
499 1822 594 1886 dictae
603 1821 747 1905 pecuniae
757 1822 1066 1904 cessaveropromisi
1076 1822 1197 1886 eisdem

57 1922 171 1986 decem
185 1942 307 1986 marcas
323 1922 452 1986 nomine
466 1941 570 2005 poenae
584 1926 662 1997 rato,
678 1919 907 1983 nichilominus
922 1927 1073 1985 manente
1088 1920 1196 1984 debito

57 2019 240 2103 principali.
285 2021 328 2084 Et
350 2020 392 2084 ad
413 2021 477 2084 ista
499 2020 607 2083 omnia
628 2018 767 2082 fideliter
789 2018 987 2083 observanda
1008 2019 1130 2101 subjeci
1145 2039 1197 2083 mc

56 2120 190 2203 praecise
209 2119 426 2202 jurisdictioni
449 2119 527 2182 D'ni
549 2117 710 2200 Archie’pi
732 2117 876 2193 Eboraci,
894 2118 952 2201 qui
973 2139 1030 2201 pro
1052 2124 1196 2201 tempore

55 2218 166 2293 fuerit,
188 2224 226 2281 ut
241 2218 311 2282 sine
333 2219 422 2281 omni
443 2218 582 2300 strepitu
599 2217 749 2299 judiciali
763 2217 866 2299 possit
880 2238 931 2281 me
947 2238 1080 2282 censura
1096 2217 1196 2282 eccla-

56 2317 190 2381 siastica
205 2318 246 2381 ad
261 2317 463 2393 solutionem,
474 2324 543 2380 tam
557 2316 744 2400 principalis
756 2316 858 2380 debiti
872 2337 970 2400 quam
985 2337 1099 2400 prena,
1110 2337 1196 2382 com-

54 2414 186 2498 pellere.
232 2416 273 2478 In
288 2415 380 2496 cujus
403 2413 449 2478 rei
464 2415 688 2479 testimonium
702 2416 854 2499 praesenti
875 2416 1000 2500 paginae
1014 2415 1071 2500 sig.
1086 2437 1197 2481 meum

55 2513 201 2597 apposui.
246 2514 481 2577 Hiistestibus.
526 2514 609 2576 D’no
626 2513 973 2598 Waltero‚²Archie'p0
988 2517 1196 2582 Eboracense.

54 2612 209 2676 Dominis
225 2613 320 2676 Petro
340 2613 379 2675 de
394 2612 560 2689 Fikelden,
577 2613 759 2696 Capellano.
804 2614 971 2678 Willelmo
986 2615 1025 2679 de
1041 2617 1197 2700 Langton,

56 2718 137 2774 tuno
154 2711 352 2774 Cancellario
366 2711 501 2775 Domini
516 2711 734 2777 Eboracensis.
770 2713 948 2795 Reginaldo
964 2713 1095 2779 Clerico.
1111 2714 1195 2798 (88¹³)
1268 2729 1273 2738 '

55 2810 165 2873 Alano
177 2809 217 2873 de
233 2810 336 2873 Heser
357 2861 364 2874 .
386 2859 392 2875 .
415 2810 436 2874 .³
454 2811 536 2873 M'ro
552 2811 728 2894 Reginaldo
744 2810 784 2874 de
799 2810 999 2894 Fylrewerd.⁴
1034 2811 1197 2876 Michaelc

56 2910 99 2972 de
110 2909 288 2973 Hamstede
294 2933 302 2989 3
322 2914 354 2972 et
367 2909 447 2974 aliis.
482 2910 602 2973 Actum
614 2910 654 2974 A.
665 2911 702 2974 G.
712 2909 892 2986 millesimo,
901 2929 945 2986 cc,
955 2910 1197 2993 quadragesimo

56 3013 159 3084 sextu,
174 3008 289 3091 quinto
304 3008 458 3072 kalendas
474 3008 646 3072 Februarii.

390 3208 550 3275 COOVII.
574 3209 661 3273 Arm
676 3224 719 3271 ns
735 3207 871 3273 Siluas.⁶

102 3347 188 3409 Acta
220 3345 255 3408 in
291 3345 406 3428 majori
443 3346 578 3410 ecclesia
614 3346 833 3422 Lincolniensi
869 3346 905 3411 in
939 3348 1078 3413 crastino
1113 3349 1197 3414 curi·

56 3466 159 3521 arum,
185 3445 225 3509 A.
253 3446 290 3509 G.
317 3445 500 3522 millesima
530 3466 574 3522 cc,
603 3446 640 3510 xl
669 3453 770 3522 sexto,
800 3468 906 3510 coram
937 3447 1134 3514 cancellario
1164 3456 1197 3514 et

57 3545 217 3627 Magistro
241 3545 397 3608 stolarum
419 3545 605 3621 Lincolniae,
623 3545 789 3627 judicibus
804 3566 824 3608 a
837 3547 921 3611 D’no
939 3547 1028 3630 Papa
1043 3549 1197 3632 delegatis

55 3644 92 3706 in
109 3663 205 3705 causa
221 3664 292 3727 quoe
307 3643 445 3707 vertitur
466 3643 553 3706 inter
567 3643 730 3707 Abbatam
752 3650 784 3708 et
807 3644 906 3710 Oonv.
922 3645 962 3710 ds
977 3646 1141 3731 Whiteby,
1156 3668 1197 3711 ex

56 3763 124 3805 una
146 3749 246 3825 parte,
262 3748 294 3805 et
316 3743 438 3805 D'num
453 3742 635 3805 Walterum
650 3743 689 3806 de
706 3743 802 3824 Gray,
818 3744 986 3808 Rectorem
1001 3746 1142 3810 ecclesiae
1157 3746 1198 3810 de

56 3841 177 3915 Semar,
198 3860 238 3903 ex
264 3841 373 3916 altera,
393 3861 449 3922 per
478 3847 695 3922 procuratores
722 3841 867 3924 legitime
893 3844 1085 3907 constitutos
1112 3864 1197 3907 com-

54 3939 346 4021 parentes—videl.
363 3959 437 4002 curn
453 3939 547 4002 datus
563 3946 647 4003 esset
662 3940 739 4016 dies,
755 3940 839 4003 sicut
854 3941 1000 4004 constitit
1021 3961 1079 4024 per
1098 3946 1197 4005 retro·

91 4098 100 4130 ¹
120 4099 169 4149 See
181 4099 229 4149 tho
242 4104 296 4150 two
310 4105 375 4151 next
387 4101 475 4164 deeds,
489 4102 542 4151 and
557 4102 612 4152 also
628 4102 689 4153 Nos.
704 4104 765 4161 551,
780 4102 841 4153 552.

91 4183 102 4214 ²
122 4184 242 4233 Written
271 4185 399 4239 Willclmo.
437 4185 494 4234 Tha
513 4184 576 4236 date
597 4185 689 4235 snakes
708 4185 731 4235 it
744 4184 813 4234 clear
833 4184 895 4234 that
913 4183 936 4233 it
956 4183 979 4234 is
997 4200 1026 4235 so
1039 4184 1148 4236 written
1166 4186 1195 4239 in

53 4284 134 4317 error.
174 4267 281 4316 Walter
294 4266 327 4317 dc
340 4267 412 4332 Gray
426 4285 480 4318 was
493 4267 661 4333 Archbishop
673 4269 743 4318 from
758 4269 826 4319 1216
839 4270 868 4317 to
883 4268 959 4318 1255.

91 4349 102 4382 ³
121 4350 187 4400 This
209 4365 286 4399 name
307 4350 401 4400 stands
419 4350 501 4400 Gsell’
523 4367 552 4400 as
574 4351 702 4412 written;
730 4350 756 4399 in
778 4351 827 4401 the
848 4349 984 4417 following
1007 4350 1149 4403 document
1172 4353 1196 4405 it

55 4449 168 4499 appears
182 4432 266 4482 under
278 4433 325 4483 the
337 4433 405 4482 form
419 4434 511 4484 Heser.
628 4431 639 4464 ⁴
657 4433 788 4499 Pykwurd
800 4433 827 4484 in
839 4433 886 4484 the
898 4433 1034 4502 following
1046 4433 1195 4491 document.

91 4516 102 4549 ⁵
122 4516 171 4567 See
184 4516 326 4584 preceding
338 4515 487 4568 document.
