2910 5002
294 529 355 589 284
478 537 753 592 CARTULARIUM
771 537 975 589 ABBATHIAE
993 537 1043 588 DE
1061 538 1252 593 WHITEBY.

357 778 599 844 CCCXXXVI.
623 776 871 841 Manoaannun
886 792 929 840 nn
944 793 1022 841 mm
1037 794 1145 843 cnara
1161 795 1239 852 oon
1254 796 1311 844 aar
1325 797 1359 844 nr

526 890 761 952 Tnasauanmo
777 904 879 953 curus
893 904 1044 953 monario
1060 905 1111 954 src
1128 907 1198 956 uss.

335 1052 378 1115 In
402 1052 534 1115 nomine
559 1051 703 1114 Domini
747 1049 862 1116 Amen
907 1051 1002 1114 Anno
1028 1052 1069 1116 ab
1092 1052 1323 1119 incarnatione
1346 1056 1418 1139 ejus-

290 1151 374 1228 dem,
401 1151 579 1215 seeundum
601 1170 731 1214 cursum
755 1156 788 1214 et
814 1152 1087 1233 computationem
1115 1152 1274 1217 Ecclesiae
1296 1153 1419 1238 Angliae,

289 1251 462 1314 millesimo
494 1270 548 1313 ecc
579 1249 662 1326 xiii0,
691 1248 868 1313 indictione
900 1249 1099 1328 duodecima,
1128 1252 1287 1317 vicesimo
1317 1254 1421 1337 quinto

290 1349 342 1412 die
369 1348 489 1412 mensis
513 1349 536 1412 J
537 1346 672 1424 anuarii,
690 1347 886 1411 constitutus
908 1348 1119 1431 personaliter
1141 1349 1178 1413 in
1199 1351 1336 1415 testium
1356 1354 1422 1416 sub-

287 1449 481 1532 scriptorum
497 1454 529 1511 et
543 1447 616 1524 mei,
631 1446 749 1510 notarii
763 1447 887 1530 publici
909 1447 1116 1532 infrascripti,
1132 1452 1318 1532 praesentia,
1327 1473 1422 1515 coram

288 1547 475 1612 Venerabili
489 1554 588 1630 patre,
604 1546 688 1609 D’no
703 1545 892 1624 Willelmo,1
906 1548 947 1612 D.
964 1548 1001 1613 G.
1016 1548 1155 1613 Eboraci
1169 1548 1421 1634 Archiepiscopo,

287 1646 416 1730 Angliae
442 1647 593 1722 Primate,
618 1645 655 1708 in
681 1644 804 1728 capella
828 1646 972 1730 ejusdem
990 1647 1108 1731 patris,
1135 1648 1224 1713 inira
1251 1651 1419 1714 Manerinm

287 1766 385 1809 suum
401 1746 440 1809 de
456 1745 587 1828 Scroby,
602 1750 635 1809 et
650 1749 772 1808 caetera

495 1945 759 2012 CCCXXXVII.
783 1947 869 2010 Irnn
885 1962 962 2011 anm
976 1962 1020 2010 ns
1036 1946 1217 2012 Cnossrar.

332 2107 501 2173 Universis
516 2107 707 2191 inspecturis
722 2107 776 2173 vel
790 2108 956 2172 auditarus
970 2108 1031 2173 hoc
1046 2109 1218 2192 publicum
1232 2110 1419 2176 instrumen-

285 2215 366 2284 tum,
381 2207 538 2291 Magister
558 2206 743 2289 Dalphinus
758 2207 799 2271 de
820 2208 967 2292 Neapoli,
982 2208 1062 2271 D’ni
1084 2208 1182 2292 Papae
1205 2209 1420 2275 subdiaconus

285 2312 319 2369 et
334 2305 536 2389 Capelianus
547 2326 716 2369 causarum
726 2307 841 2389 palatii
850 2307 996 2390 ejusdem
1007 2307 1085 2372 D’ni
1095 2308 1256 2391 generalis
1268 2309 1419 2386 Auditor,²

285 2426 309 2468 s.
334 2405 370 2467 in
393 2404 543 2468 Domine.
587 2404 725 2468 Noverit
749 2406 838 2470 univ.
864 2427 893 2470 v.
918 2406 1004 2489 quod
1027 2407 1229 2472 constitutus
1256 2409 1419 2474 innostra

284 2503 454 2586 praesentia
476 2502 540 2565 M’r
560 2502 746 2568 Willelmus
767 2504 807 2568 de
829 2505 977 2582 Fostona,
998 2505 1151 2584 Clericus,
1171 2507 1418 2590 appellationem

284 2601 473 2685 inscriptam
488 2605 599 2665 contra
610 2601 814 2666 Willelmum
828 2603 976 2681 Freselle,
988 2603 1066 2668 olim
1077 2604 1265 2670 Officialem
1276 2607 1418 2683 Karleol,

283 2702 477 2785 interposuit
500 2700 536 2764 in
561 2701 630 2766 haec
651 2702 750 2765 verba
762 2703 899 2780 :-Quia
920 2723 995 2767 cum
1016 2704 1051 2766 in
1073 2724 1172 2769 causa
1192 2706 1417 2789 appellationis

283 2822 356 2883 quae
371 2800 589 2885 au[c]toritate
603 2800 791 2883 Apostolica
801 2802 938 2866 vertitur
952 2802 1037 2865 inter
1050 2801 1263 2868 Willelmum
1276 2805 1417 2881 Freselle‚

281 2900 361 2963 olim
376 2900 554 2965 Officialem
576 2899 722 2975 Karliol,
736 2907 885 2976 actorem,
900 2921 940 2964 ex
961 2905 1052 2984 parte
1066 2921 1144 2978 una,
1160 2905 1193 2966 et
1216 2904 1417 2981 6661111161-

280 3019 371 3062 mum
397 3000 436 3063 de
459 3000 608 3076 Fostona,
628 3004 821 3083 perpetuum
843 3000 1011 3064 Vicarium
1031 3000 1172 3065 ecclesiae
1197 3001 1240 3066 de
1266 3003 1417 3087 Crosscby

280 3099 539 3175 Ravenswarthe,
555 3098 689 3163 Karliol.
705 3099 874 3176 dioceseos,
889 3120 930 3164 ex
944 3099 1052 3178 altera,
1065 3120 1161 3185 super
1181 3101 1283 3184 praed.
1295 3103 1417 3179 vicaria,

279 3219 386 3262 eoram
409 3198 644 3262 Archidiacono
670 3198 710 3262 de
731 3199 761 3262 S.
787 3198 924 3276 Albane,
943 3199 1058 3283 'judice
1081 3220 1101 3262 a
1124 3199 1206 3264 Sede
1230 3200 1418 3285 Apostolica

280 3296 433 3381 delegato,
445 3297 531 3361 idem
543 3297 644 3380 judex
656 3317 857 3381 cognoscens,
868 3317 920 3362 me
935 3318 1001 3361 non
1014 3297 1139 3361 monito
1154 3317 1215 3362 nec
1230 3297 1417 3383 legentem,

278 3415 338 3458 nee
354 3416 410 3476 per
421 3396 656 3459 contumaciam
667 3417 719 3459 me
731 3394 919 3473 absentare,3
934 3396 1127 3461 sententiam
1138 3395 1353 3463 diffinitivam
1365 3421 1417 3485 per

279 3493 457 3557 Officialem
482 3494 618 3558 Eboraci
639 3516 696 3579 pro
720 3515 772 3559 me
786 3495 887 3558 latam
902 3516 943 3558 ex
969 3502 1099 3578 arrupte
1121 3501 1237 3560 eontra
1256 3498 1416 3581 justitiam

276 3591 462 3656 infirmavit.
508 3591 591 3656 Cum
611 3593 671 3657 hoe
687 3614 774 3658 nunc
789 3594 878 3677 prius
893 3594 935 3658 ad
949 3615 1055 3658 meam
1068 3592 1221 3658 notitiam
1236 3600 1415 3679 pervenerit

277 3689 445 3754 abeodem
460 3690 695 3755 archidiacono
711 3692 822 3756 d’num
842 3694 964 3775 Papam
985 3691 1178 3775 inscriptum
1192 3694 1336 3777 appello.
1378 3698 1415 3761 In

277 3791 371 3873 cujus
396 3790 444 3853 661
463 3795 535 3854 test.
562 3796 596 3855 et
621 3792 765 3855 futuram
791 3792 978 3856 memoriam
1007 3791 1247 3875 praemissorum
1276 3794 1343 3861 hoc
1371 3798 1414 3861 in·

276 3890 588 3973 stru(111>mentum
603 3890 643 3953 de
658 3891 815 3974 Magistro
826 3896 945 3968 nostro,
955 3911 1012 3972 per
1023 3889 1244 3974 subscriptum
1255 3896 1413 3960 notarium

275 3988 432 4071 scriptum
448 3995 480 4052 et
495 3988 706 4071 publicatum,
721 3989 857 4053 fecimus
872 3994 981 4053 nostro
997 3989 1102 4074 sigillo
1116 3989 1249 4055 muniri
1296 3994 1413 4060 Actum

275 4088 361 4168 apud
376 4088 488 4150 urbem
510 4088 736 4165 Beneventem,
751 4096 784 4152 et
805 4090 841 4152 in
863 4088 1003 4173 hospitio
1026 4087 1106 4153 dicti
1127 4088 1204 4152 M'ri
1226 4090 1366 4172 Dalfini,
1379 4094 1412 4158 Α

309 4247 319 4279 ¹
338 4248 456 4298 William
469 4249 617 4312 Grenefeld,
630 4249 797 4300 consecrated
809 4249 930 4316 January
944 4250 1031 4320 1³0&
1048 4251 1085 4301 cb.
1101 4252 1178 4302 1315.

308 4330 319 4363 2
406 4335 411 4345 .

307 4411 319 4444 ³
336 4329 592 4465 iigliirissruceion
612 4415 675 4466 here
696 4415 719 4465 is
740 4430 806 4479 very
817 4415 951 4480 confused,
965 4416 1015 4468 but
1033 4416 1080 4467 the
1098 4417 1223 4486 meaning
1242 4436 1334 4475 seems
1344 4427 1374 4475 to
1384 4423 1411 4475 bs

271 4493 346 4545 clear.
