2866 5002
146 521 207 577 220
326 525 599 579 onurunaarum
618 525 821 577 mansuaria
841 528 893 580 nn
915 529 1120 585 wrrrrnnv.

146 695 266 777 cogatis
289 692 419 756 veritati
441 691 665 754 testimonium
690 691 868 774 perhibere.
919 695 1023 772 Quod
1050 700 1083 763 si
1105 720 1171 763 non
1194 719 1281 763 omnes

144 795 208 857 biis
221 792 416 876 exequendis
428 790 768 874 potueritisinteresse,
781 791 844 855 duo
854 798 1011 860 vestrum
1024 819 1067 862 ea
1077 799 1283 863 nichilominus

146 899 354 974 exequantur.
392 890 516 953 Datum
528 888 687 953 Laterani.
703 910 755 953 xv.
767 890 928 956 kalendas
946 894 1084 974 Martii,
1096 899 1285 962 Pontificatus

146 991 247 1054 nostri
271 1009 355 1053 anno
386 987 705 1051 octavo-Partibus
735 989 844 1071 igitur,
869 991 977 1074 hujus
1005 996 1084 1079 (70)
1118 997 1286 1061 auctoritate

146 1089 291 1151 mandati
313 1089 349 1149 in
370 1092 478 1150 nostra
499 1086 670 1168 praesentia
692 1088 886 1165 constitutis,
901 1090 948 1154 lis
971 1093 1069 1158 inter
1093 1117 1149 1159 eas
1170 1096 1226 1160 hoc
1238 1096 1289 1158 fine

147 1188 333 1270 conquievit
356 1206 450 1268 super
465 1185 599 1248 decimis
615 1193 648 1249 et
670 1186 793 1269 capella
815 1187 856 1251 de
873 1189 1199 1274 Revegile1-videl
1219 1195 1288 1277 quod

147 1286 274 1368 praefati
299 1285 410 1347 Abbas
435 1291 468 1348 et
494 1284 591 1348 Oonv.
619 1284 659 1348 de
685 1286 761 1368 Hep
786 1290 944 1350 tenentur
976 1291 1114 1357 solvere
1142 1293 1290 1357 annuatim

149 1384 290 1447 ccclesiae
303 1383 342 1446 de
355 1383 521 1464 Crosseby‚
537 1383 666 1446 nomine
679 1383 884 1461 decimarum,
895 1406 959 1450 sex
975 1391 1142 1474 sceppas²
1155 1391 1290 1475 pacabilis

151 1483 262 1545 farinae
285 1482 324 1546 de
348 1502 459 1558 avena,
480 1501 538 1564 pro
563 1481 695 1545 decimis
724 1488 880 1545 terrarum
903 1505 1050 1552 suarum
1079 1491 1123 1554 de
1150 1489 1291 1574 Revegile,

149 1603 228 1664 quas
239 1582 375 1664 propriis
387 1581 536 1643 manibus
548 1587 581 1644 et
595 1580 777 1662 sumptibus
787 1586 931 1663 tempore
944 1584 1051 1651 istius
1065 1589 1291 1672 compositionis

150 1679 470 1744 excoluerunt—scil.
486 1686 551 1742 tres
574 1699 708 1761 sceppas
730 1679 771 1741 ad
793 1680 814 1744 f.
831 1681 861 1744 S.
877 1681 1027 1748 Martini
1052 1688 1092 1750 in
1116 1689 1290 1772 hi[e]me,et

151 1786 216 1843 tres
232 1799 364 1861 sceppas
380 1779 421 1841 ad
436 1778 569 1842 Pascha.
613 1779 663 1841 De
678 1778 846 1842 novalibus
862 1800 929 1843 non
945 1787 1098 1867 propriis
1114 1789 1256 1851 manibus
1266 1793 1290 1850 et

152 1879 335 1961 sumptibus
358 1883 431 1959 post
453 1877 551 1940 istam
573 1877 838 1959 compositionem
859 1880 1061 1948 excolendis
1084 1887 1225 1951 decimas
1237 1907 1288 1949 non
1328 1888 1330 1893 ’

152 1978 286 2042 solvent.
331 1977 365 2039 Si
385 1983 494 2040 autem
517 1974 590 2038 aliis
605 1975 761 2039 dederunt
784 1977 972 2056 excolenda,
987 1981 1044 2046 illi
1069 1985 1215 2068 plenarie
1227 1985 1287 2048 inde

152 2078 291 2140 decimas
314 2076 449 2139 solvent.
494 2076 538 2137 Et
558 2074 670 2138 licebit
691 2076 833 2157 praefatis
848 2076 974 2141 Abbati
997 2087 1035 2145 et
1053 2083 1160 2150 Oonv.
1175 2086 1213 2149 de
1227 2085 1286 2166 Hep

152 2176 185 2237 in
203 2175 325 2257 capella
340 2195 399 2237 sua
420 2173 459 2236 de
475 2173 626 2256 Revegile
641 2173 753 2236 divina
774 2175 926 2252 celebare,
942 2178 1041 2243 salva
1065 2184 1285 2267 indempnitate

152 2274 294 2336 matricis
320 2273 461 2336 ecelesia
485 2272 524 2335 de
551 2272 708 2353 Crosseby
732 2273 768 2335 in
790 2273 1021 2355 oblationibus,
1040 2282 1284 2357 obventionibus,

152 2373 416 2444 confessionibus,
431 2378 463 2435 et
486 2371 773 2448 communionibus,
790 2378 822 2436 et
837 2374 1025 2456 sepulturis,
1043 2387 1080 2443 et
1100 2382 1137 2444 in
1153 2383 1283 2446 omnibus

152 2473 233 2535 aliis.
278 2473 321 2534 Et
336 2472 419 2533 hanc
434 2470 699 2552 compositionem
709 2471 847 2536 fideliter
861 2482 894 2536 et
905 2474 977 2539 sine
993 2477 1116 2544 fraude
1128 2483 1283 2546 tenendam

152 2572 262 2634 Abbas
278 2572 317 2634 de
333 2569 483 2650 Wy'teby,
498 2589 555 2650 pro
570 2589 604 2633 se
619 2576 652 2633 et
667 2570 766 2635 Gonu
779 2592 845 2649 suo,
861 2580 893 2636 et
907 2573 1021 2639 Abbas
1035 2578 1081 2642 de
1097 2580 1183 2664 Hep,
1198 2601 1249 2664 pro
1258 2601 1284 2643 se

152 2677 185 2734 et
195 2671 292 2734 Conv.
307 2690 373 2744 suo,
385 2669 421 2730 in
431 2668 528 2732 verbo
539 2669 788 2751 D’ni,inspeetis
800 2673 1020 2751 sacrosanctis,
1033 2677 1232 2759 juraverunt
1242 2704 1249 2759 ;
1260 2687 1285 2741 et

151 2771 185 2832 in
198 2769 294 2850 hujus
306 2769 353 2831 rei
364 2767 594 2843 testimonium,
603 2789 669 2830 una
681 2788 754 2831 cum
766 2768 879 2851 sigillis
891 2771 1011 2836 nostris
1029 2775 1144 2860 sigilla
1155 2799 1213 2842 sua
1223 2778 1284 2840 huic

152 2868 270 2950 scripto
293 2873 519 2948 apposuerunt,
546 2865 752 2948 subjicientes
779 2888 812 2930 se
835 2869 1060 2950 jurisdictioni
1087 2875 1226 2941 Abbatis
1253 2876 1284 2939 de

151 2967 313 3031 Jorevalle
336 2971 368 3028 et
383 2965 502 3028 Prioris
519 2964 757 3042 Dunelmensis,
773 2966 801 3029 si
817 2968 899 3032 forte
921 2968 1041 3053 aliquis
1058 2993 1176 3039 eorum
1190 2982 1285 3040 contra

150 3068 234 3129 haue
257 3065 520 3147 compositionem
535 3063 643 3135 venire
658 3067 905 3147 attemptaverit.
950 3068 1078 3134 Actum
1102 3076 1194 3158 apud
1208 3077 1284 3140 Gisc-

152 3167 310 3241 burniam,
325 3165 361 3226 xi
379 3162 535 3226 kalendas
557 3163 649 3239 Maii,
664 3163 761 3227 Anno
785 3165 1019 3232 Incarnationis
1044 3171 1188 3238 Domini
1202 3184 1284 3238 m⁰ce⁰

151 3266 304 3329 vicesimo
321 3263 443 3346 quinte.

172 3439 358 3502 COLXXV.
383 3438 574 3501 Couvuumo
589 3453 688 3499 rurus
702 3437 833 3501 Domum
847 3454 890 3501 nn
905 3439 1057 3504 ernnv
1073 3461 1116 3508 nr
1131 3447 1261 3512 Douuu

524 3540 566 3586 nn
582 3523 687 3587 eruu.
734 3525 793 3606 [M.
820 3526 903 3609 127]

192 3663 315 3724 Notum
339 3662 381 3725 sit
403 3660 491 3725 univ.
507 3660 548 3723 ad
571 3680 651 3743 quos
673 3660 734 3724 hoe
757 3681 814 3725 scr.
829 3681 925 3744 perv,
940 3682 986 3745 pr.
1002 3671 1035 3727 et
1060 3666 1133 3746 fut,
1149 3670 1199 3735 ita
1220 3692 1282 3736 con·
1328 3654 1330 3671 ¹

150 3762 275 3826 venisse
297 3760 381 3823 inter
404 3761 545 3835 Petrum,
561 3760 723 3823 Abbatem
746 3759 785 3822 de
800 3760 952 3843 Wyteby,
968 3768 1001 3825 et
1024 3763 1130 3832 Oonv.
1146 3771 1284 3853 ejusdem

148 3861 219 3935 loci,
242 3865 275 3922 et
299 3859 496 3940 Ciprianum,
512 3857 663 3935 Priorem,
686 3867 718 3921 et
742 3859 840 3922 Conv.
857 3860 897 3924 de
920 3859 1074 3939 Siuohle,8
1090 3885 1195 3950 super
1216 3870 1283 3933 dus·

183 3987 192 4018 1
212 3987 237 4033 A
249 3983 382 4047 townsbip
395 3982 448 4032 and
460 3982 537 4032 small
550 3983 646 4049 village
658 3984 687 4033 in
699 3983 746 4034 the
759 3983 848 4049 parish
861 3984 889 4034 ot
901 3984 1016 4051 Crossby
1029 3986 1240 4045 Ravenswortln

184 4068 194 4099 2
212 4068 267 4118 The
280 4082 374 4129 seeppa
387 4066 414 4114 ol
426 4066 478 4115 salt
489 4066 601 4130 payable
613 4071 643 4116 to
656 4067 689 4116 de
702 4066 770 4116 Brus
783 4071 831 4116 out
842 4067 871 4117 of
883 4067 946 4117 each
956 4068 1072 4120 saltcote
1085 4089 1121 4123 on
1133 4074 1185 4127 the
1197 4077 1285 4129 Cotum

146 4151 263 4201 marshes
281 4148 421 4198 contained
437 4150 469 4199 10
487 4147 601 4198 bushels.
640 4149 768 4200 Charlton
787 4149 928 4200 translates
946 4151 993 4201 the
1006 4154 1090 4215 word,
1110 4160 1285 4224 erroneonsly‚

147 4235 184 4297 by
197 4236 213 4259 “
223 4230 368 4296 quarters.’'
404 4230 538 4295 Probably
550 4231 597 4280 the
609 4247 729 4282 measure
742 4248 805 4297 may
817 4232 885 4283 have
898 4233 964 4284 been
977 4250 993 4285 a
1005 4236 1128 4290 variable
1140 4257 1203 4306 one,
1216 4260 1285 4308 vary·

146 4317 191 4381 ing
203 4316 229 4363 in
243 4312 366 4362 different
378 4316 452 4376 parts
464 4313 492 4362 oi
504 4313 550 4363 the
560 4317 680 4379 country.

182 4396 248 4445 ³M.
270 4395 349 4445 Sixel.
388 4395 403 4422 “
415 4396 532 4458 Sixhills,
553 4413 569 4446 a
588 4397 678 4462 parish
701 4398 728 4447 in
746 4399 793 4448 the
812 4399 867 4451 mid
886 4399 1003 4451 division
1022 4403 1051 4452 of
1069 4404 1120 4456 the
1139 4415 1243 4478 county
1263 4409 1286 4459 oi

146 4479 263 4534 Lincoln,
275 4480 348 4543 parts
367 4478 394 4526 ol
413 4477 535 4544 Lindsey.
574 4480 599 4529 Α
617 4479 768 4531 Gilbertine
786 4481 888 4548 Priory,
904 4481 1046 4536 dedicated
1063 4489 1094 4538 to
1113 4489 1163 4541 the
1184 4492 1288 4545 Blessed
