2866 5002
79 498 139 554 ros
258 500 530 553 1111111111
548 498 752 552 11111111
770 503 820 554 nr
839 504 1045 562 wrrrrssv.

74 670 305 752 East-Ridinge
317 666 567 730 Arohidiaconos
582 666 848 749 impetratorum,1
860 671 903 736 de
915 675 1025 740 verbo
1036 677 1213 754 adverbum,

74 771 191 851 quibus
210 767 328 831 litteris
351 764 494 848 sigillum
509 768 654 827 nostrum
669 765 723 829 filo
746 769 973 850 appendimus
983 798 993 852 ;
1018 783 1053 839 et
1068 798 1142 841 curn
1154 799 1214 842 oon·

74 873 172 931 staret
202 866 294 929 nobis
323 864 464 946 legitime
490 864 577 946 quod
606 865 702 947 praed.
730 865 889 948 Religiosi
916 890 938 932 a
969 871 1169 940 succentore
1189 881 1214 939 et

73 966 228 1049 Magistro
251 964 407 1027 stolarum
429 962 574 1039 Karliol,
598 964 715 1046 quibus
737 965 1010 1035 Archidiaconus
1035 975 1170 1041 Karliol
1188 977 1215 1038 in

70 1067 157 1129 dicta
179 1084 275 1128 11111
296 1064 382 1126 vices
408 1083 482 1125 suas
509 1083 573 1125 non
599 1063 635 1125 11
660 1069 765 1126 totum
791 1067 1021 1148 commiserat,
1044 1074 1088 1138 ad
1116 1075 1214 1139 sedem

70 1163 290 1247 Apostolicam
306 1162 357 1224 die
372 1161 490 1224 Martis
505 1162 650 1243 proximo
672 1168 746 1245 post
760 1163 1035 1234 Translationem
1051 1173 1082 1237 S.
1099 1175 1214 1237 Thone

71 1263 224 1338 Martiris,
250 1264 289 1324 A.
316 1263 356 1323 D.
381 1261 552 1324 millesimo
582 1282 617 1325 cc
644 1262 839 1345 sexagesimo
872 1267 977 1330 tertio
1011 1273 1214 1355 appellarunt,

69 1384 167 1446 quam
197 1361 446 1444 appellationem
476 1360 555 1424 dicti
585 1360 784 1444 subdelegati
812 1361 1040 1446 admiserunt,
1067 1377 1101 1435 et
1130 1392 1212 1455 quan

69 1484 142 1547 pars
169 1461 330 1544 appellata
359 1460 559 1542 approbavit,
585 1466 617 1523 11
647 1461 732 1542 quod
758 1460 838 1524 dicti
870 1464 1089 1552 subdelegati
1118 1490 1210 1535 eorum

69 1561 279 1646 appellationi
301 1560 341 1623 ob
364 1560 576 1623 reverentiam
597 1559 687 1623 Sedis
702 1559 902 1643 Apostolicae
924 1574 1121 1634 reverenter
1134 1570 1208 1634 dctu-

67 1664 184 1737 lerunt,
217 1660 362 1744 partibus
398 1659 575 1722 terminum
611 1659 810 1743 praefigentes
849 1660 1108 1746 (113)—videl.
1136 1669 1205 1732 dien

69 1762 246 1825 crastinum
271 1759 501 1841 Apostolorum
533 1759 681 1841 Symonis
711 1766 745 1822 11
770 1758 877 1836 Judae,
906 1761 946 1825 A.
978 1765 1025 1832 D.
1050 1769 1204 1832 millesimo

68 1870 140 1924 11ῘΠΟ
161 1860 357 1943 sexagesimo
379 1859 484 1934 tertio,
498 1858 540 1921 ad
560 1858 796 1942 procedendum
817 1859 853 1921 in
877 1863 1046 1943 praedicta
1069 1868 1202 1933 1111111

68 1961 166 2024 Curia
188 1961 341 2035 Romana,
356 1965 389 2022 11
404 1958 490 2040 quod
506 1958 558 2021 die
579 1958 711 2041 praefixo
733 1959 840 2022 dictus
855 1959 1057 2031 Willelrnus
1071 1968 1108 2031 in
1122 1967 1202 2032 Curio

65 2081 100 2124 se
122 2060 330 2143 personaliter
352 2058 558 2141 praesentavit
573 2063 748 2122 memorata
762 2059 804 2122 ad
821 2061 1076 2142 procedendum
1091 2069 1125 2131 in
1144 2068 1201 2151 ipso

66 2181 172 2236 causa,
198 2166 231 2224 et
257 2180 331 2222 curn
357 2162 517 2221 constaret
542 2157 635 2221 nobis
660 2157 804 2242 legitima
829 2161 1012 2242 praedictos
1040 2167 1201 2250 Religiosos

66 2263 152 2326 diem
174 2260 236 2322 sibi
259 2256 405 2340 ajudice
428 2256 595 2340 praefixum
618 2257 776 2322 malitiose
798 2261 1011 2342 praevenisse,
1035 2274 1069 2331 et
1090 2266 1200 2330 litteras

65 2358 254 2443 apostolicas
282 2362 356 2419 1111
378 2356 552 2419 terminum
575 2357 616 2419 ad
638 2356 772 2420 Karliol.
795 2362 828 2422 11
849 2358 1077 2449 Eastridynge
1098 2363 1198 2428 Archi·

64 2460 213 2523 diaconos
243 2464 362 2519 temere
392 2457 427 2517 in
457 2456 670 2540 prejudicium
698 2456 793 2539 praed.
823 2457 1001 2526 Willelmo
1040 2471 1198 2548 postquam

61 2557 149 2622 idem
171 2556 212 2618 ad
239 2554 354 2618 Sedem
376 2554 598 2638 Apostolicam
618 2555 770 2620 veniendi
795 2556 857 2621 iter
884 2559 1141 2643 arripuit-Nos
1164 2563 1197 2626 ab

62 2657 180 2720 Astino
196 2655 235 2718 de
251 2654 444 2731 Thorneton,
461 2653 592 2731 Clariae,
606 2662 809 2738 procuratore
831 2656 999 2724 dictorum
1014 2663 1151 2727 Abbatis
1170 2667 1196 2725 11

62 2759 172 2833 Coma,
185 2754 328 2839 legitima
350 2752 537 2830 constituto,
553 2759 648 2836 prout
670 2753 711 2818 da
731 2757 951 2838 procuratorio
977 2763 1135 2839 constitit,
1148 2780 1195 2844 pro

59 2858 105 2921 eis
132 2875 237 2919 coram
264 2852 356 2915 nobis
381 2858 593 2935 comparente,
615 2853 785 2936 diligenter
808 2853 1048 2938 inquisivimus
1074 2868 1194 2926 etcum

58 2951 344 3038 interpellavimus,
359 2955 397 3012 ut
412 2951 440 3013 si
455 2951 534 3032 quid
549 2971 724 3034 proponere
740 2953 836 3017 sciret
850 2959 883 3018 et
897 2955 1003 3021 vellet
1018 2979 1078 3024 seu
1096 2965 1194 3044 posset

58 3077 116 3139 per
131 3053 218 3137 quod
233 3072 290 3115 nos
306 3051 550 3127 revocationem,
565 3052 784 3129 cassationem,
799 3052 1021 3121 irritationem
1042 3060 1192 3142 11111111

55 3155 173 3218 litterae
184 3158 304 3215 temere
316 3151 504 3232 impetratae,
516 3155 549 3214 et
563 3171 769 3232 processuum
779 3151 968 3218 habitorum
980 3158 1193 3242 au[c]toritate

56 3254 238 3327 earundem,
253 3250 412 3314 retardare
428 3249 624 3327 deberemus,
639 3256 672 3315 et
694 3272 768 3314 cum
787 3252 890 3316 nichil
912 3263 1119 3340 proponeret,
1133 3277 1193 3332 nos,

54 3353 165 3415 habito
199 3351 459 3434 jurisperitorum
497 3349 631 3414 consilio
664 3351 756 3415 nobis
793 3351 1019 3434 assidentium,
1050 3356 1191 3422 invocato

53 3450 177 3533 Spiritu
194 3450 320 3525 Sancto,
335 3449 481 3531 partibus
504 3450 715 3531 praesentibus
730 3456 764 3513 et
778 3471 844 3514 non
859 3451 1123 3534 reclamantibus,
1136 3475 1189 3519 111

52 3548 204 3632 praedicto
216 3555 418 3631 procuratore
429 3552 630 3631 provocante,
642 3549 791 3632 exigente
799 3550 940 3634 justitia,
951 3554 1052 3634 praed.
1063 3555 1189 3630 litteras,

50 3667 216 3732 processus
247 3648 437 3711 auctoritate
467 3646 641 3711 earundem
670 3647 797 3712 habitos
826 3651 1063 3731 revocavimus,
1092 3673 1187 3719 cassa·

49 3749 156 3811 vimus
172 3751 204 3810 11
219 3746 416 3809 irritavimus
432 3747 468 3809 in
482 3747 584 3809 forma
598 3746 919 3830 subscripta-Cum
933 3769 995 3832 per
1008 3771 1186 3836 processum

47 3847 196 3910 habitum
219 3866 324 3908 coram
347 3846 492 3910 discretis
507 3846 594 3922 viris,
611 3846 802 3911 Succentore
825 3847 959 3913 Karliol
977 3856 1013 3914 et
1035 3852 1184 3936 Magistro

47 3946 208 4009 Stolarum
232 3943 376 4026 ejusdem
401 3944 474 4022 loci,
497 3947 533 4008 in
559 3966 655 4010 causa
680 3966 753 4029 quae
778 3966 885 4010 coram
914 3946 971 4025 eis,
998 3951 1182 4016 auctoritate

44 4044 241 4126 Apostolica,
256 4043 340 4105 inter
361 4043 524 4108 Abbatem
546 4051 579 4108 11
602 4045 700 4109 Gonu.
717 4044 756 4109 de
778 4044 944 4129 Whiteby,
967 4047 1007 4114 Ο.
1031 4049 1062 4115 S.
1086 4050 1180 4114 Bene

44 4143 131 4219 dicti,
140 4141 275 4205 Eboraci
287 4141 456 4219 dioceseos,
466 4163 506 4206 ex
521 4148 613 4226 parte
624 4163 698 4220 una,
710 4149 743 4208 et
754 4143 960 4210 Willelmum
970 4146 1013 4212 de
1029 4147 1177 4222 Sevenalr,

42 4261 99 4304 sau
125 4242 165 4305 de
192 4242 291 4316 Kent,
315 4239 484 4318 Olericum,
507 4243 668 4307 Roffensis
691 4243 862 4322 dioceseos,
884 4263 926 4308 ex
951 4245 1062 4326 altera,
1082 4251 1177 4312 verte

40 4338 143 4416 batur,
174 4340 214 4403 ad
244 4340 360 4403 Sedem
390 4341 610 4423 Apostolicam
640 4341 737 4406 certis
768 4341 807 4407 de
838 4343 946 4409 causis
982 4346 1174 4431 appellatum

39 4436 148 4515 fuisse,
159 4446 191 4502 et
207 4439 415 4522 appellationi
430 4441 592 4523 praedictee
604 4442 644 4505 ob
655 4443 870 4508 reverentiam
881 4443 975 4511 Sedis
986 4445 1172 4531 Apostolicae

488 4551 497 4584 ¹
516 4556 721 4618 impetraturam,
