2866 5002
464 504 754 558 101000001000
771 504 970 556 enarrans.
1181 490 1287 553 xxxiii

152 689 243 733 suum
259 668 456 752 quibusdam
471 690 512 733 ex
526 669 680 732 fratribus
695 669 888 752 patefecit,e
911 669 1028 753 quibus
1050 670 1131 734 duos
1153 691 1230 733 mox
1251 670 1288 732 in

150 771 196 832 sui
212 768 372 853 propositi
389 768 575 833 societatem
590 769 652 833 sibi
667 769 836 852 adjunxit3
858 790 994 852 quorum
1010 770 1091 833 01101
1113 769 1288 845 Diaconus,

147 876 257 950 postea
285 868 465 950 Presbyter,
487 868 634 944 Elfwius,
656 869 737 933 alter
758 869 888 952 ignarus
910 867 1091 933 litterarum
1113 869 1286 932 vocabatur

146 966 351 1030 Reinfridus:
374 965 492 1048 quibus
503 966 614 1030 Abbas
623 967 766 1049 ipsorum
777 987 843 1029 non
857 966 951 1030 ahter
966 966 1105 1030 abeundi
1119 966 1285 1030 licentiam

146 1066 220 1130 dare
248 1065 363 1142 voluit,
386 1064 451 1128 nisi
480 1066 569 1148 prius
593 1064 783 1129 Aldwinum
814 1065 859 1129 eis
888 1072 1095 1149 praeponeret,
1118 1070 1150 1130 et
1176 1085 1286 1129 0010111

146 1166 328 1229 animarum
342 1164 472 1227 illorum
487 1165 551 1249 ipsi
566 1164 811 1229 commendaret.
841 1164 1056 1229 Perrexerimt
1066 1165 1176 1247 itaque
1187 1163 1286 1227 simul

145 1266 283 1348 pedibus
309 1263 496 1327 incedentes
524 1269 589 1328 tres
619 1263 778 1340 monachi,
802 1284 906 1327 unum
929 1263 1154 1327 tantummodo
1176 1283 1286 1326 secum

146 1364 301 1427 ducentes
317 1362 462 1439 asellum,
476 1382 540 1444 quo
555 1363 632 1426 libri
647 1361 817 1426 necessarii
832 1367 865 1425 et
875 1363 1069 1426 vestimenta
1078 1360 1286 1426 sacerdotalia

146 1461 187 1524 ad
213 1461 363 1523 divinum
393 1460 620 1523 celebrandum
648 1459 841 1543 mysterium
869 1460 1063 1524 ferebantur.
1108 1459 1152 1524 Et
1181 1459 1286 1542 primo

145 1560 280 1643 quidem
295 1580 391 1642 super
404 1559 508 1641 ripam
524 1560 598 1621 lini
615 1558 760 1622 fluminis
775 1559 816 1621 ad
838 1558 967 1642 plagam
993 1559 1286 1643 septentrionalem,

145 1660 181 1721 in
203 1658 276 1721 1000
299 1658 355 1740 qui
378 1656 497 1721 dicitur
518 1658 790 1734 Munecaceastre‚
805 1657 893 1739 quod
916 1657 1146 1721 monachorum
1171 1657 1285 1721 civitas

146 1757 339 1841 appellatur,
354 1755 498 1821 habitare
513 1761 697 1840 coeperunt3
720 1756 777 1838 qui
790 1755 882 1842 10000
904 1755 982 1819 licet
1002 1757 1043 1819 ad
1066 1756 1286 1839 episcopatum

146 1856 427 1919 Dunhelmcnscm
462 1856 632 1939 pertineat,
665 1855 749 1938 juris
778 1861 888 1917 tamen
925 1855 1284 1937 Northanhymbrorum

147 1955 283 2020 Comitis
299 1955 443 2020 habetur.
488 1956 690 2042 Quapropter
704 1953 907 2018 venerandus
927 1953 1080 2016 Pontifex
1095 1953 1284 2017 Walcherus

147 2055 189 2118 ad
212 2054 286 2118 11100
307 2054 441 2117 mittens
455 2054 583 2139 rogavit
596 2061 634 2117 ut
656 2054 697 2117 ad
720 2074 754 2117 se
769 2052 927 2129 venirent,
943 2059 976 2116 01
1000 2052 1061 2116 sub
1084 2052 1156 2135 jure
1177 2052 1285 2135 potius

146 2153 291 2218 ecclesiae
328 2174 428 2236 quam
464 2155 525 2217 sub
561 2159 723 2237 potestate
759 2152 961 2216 saecularium
990 2152 1144 2216 manendi
1179 2152 1287 2215 locum

146 2252 339 2336 acciperent.
385 2253 472 2330 Quos
501 2253 710 2317 advenientes
736 2253 841 2315 multo
864 2248 939 2314 cum
969 2252 1089 2316 honora
1113 2259 1147 2316 et
1169 2252 1286 2335 gaudio

145 2353 298 2435 suscepit,
313 2373 509 2435 magnasque
523 2354 593 2416 Deo
608 2352 783 2436 gratiarum
794 2351 936 2415 actiones
945 2351 1064 2430 retulit,
1075 2351 1161 2435 quod
1175 2351 1211 2414 in
1226 2351 1287 2414 hac
1372 2434 1374 2438 μ

143 2451 312 2535 provincia
323 2451 519 2515 monachicae
528 2451 733 2535 professionis
743 2451 828 2514 viros
838 2449 878 2513 cd
890 2450 1104 2515 habitandum
1115 2452 1286 2534 suscipere,

144 2558 179 2615 et
194 2551 255 2614 sub
271 2571 330 2613 suo
346 2550 499 2634 regimine
522 2550 692 2614 meruisset
714 2550 840 2614 habere.
884 2550 986 2614 Dedit
1001 2571 1073 2634 crgo
1094 2551 1140 2614 eis
1155 2550 1286 2613 Menas-

145 2650 267 2713 terium
296 2649 384 2712 beati
413 2648 508 2712 Pauli
534 2647 692 2732 Apostoli,
718 2669 738 2712 0
768 2648 943 2712 Benedicto
970 2650 1134 2732 quondam
1156 2649 1285 2712 Abbate

146 2755 371 2814 constructum
399 2748 435 2810 in
465 2747 622 2831 Gyruum,
655 2747 741 2830 quod
778 2747 941 2811 stantibus
971 2748 1077 2812 adhuc
1107 2746 1184 2812 solis
1215 2747 1285 2810 sine

146 2848 292 2913 culmine
309 2847 485 2929 parietibus
506 2847 563 2909 vix
587 2846 719 2929 aliquod
739 2846 881 2929 antiquae
902 2847 1082 2911 nobilitatis
1105 2850 1288 2911 servaverat

145 2948 295 3031 signum3
317 2945 434 3027 quibus
457 2944 585 3008 culmen
609 2945 649 3008 de
668 2945 766 3028 lignis
791 2945 983 3009 informibus
1009 2952 1042 3009 01
1064 2945 1151 3007 foeno
1177 2964 1286 3026 super-

146 3053 313 3129 ponentes,
329 3045 446 3107 divinae
462 3044 628 3108 servitutis
651 3043 754 3108 officia
775 3044 897 3108 ibidem
921 3043 1080 3108 celebrare
1103 3050 1287 3124 coeperunt3

147 3149 298 3228 factaque
322 3144 382 3207 sub
406 3144 485 3226 ipsis
511 3144 687 3227 parietibus
714 3144 831 3220 casula,
856 3144 914 3207 ubi
940 3141 1115 3205 dormirent
1137 3148 1170 3205 et
1195 3163 1286 3205 man-

146 3246 313 3316 ducarent,
323 3243 543 3326 religiosorum
559 3242 741 3306 clemosinis
756 3264 929 3327 pauperem
938 3242 1041 3306 vitam
1056 3247 1284 3305 sustentarunt.

144 3345 198 3407 Ibi
222 3332 341 3426 pariter
362 3343 398 3404 in
419 3343 532 3425 frigore
553 3361 590 3405 00
612 3342 706 3418 fame,
722 3348 755 3406 et
775 3363 883 3406 rerum
905 3341 1050 3406 omnium
1072 3341 1207 3423 penuria
1227 3362 1285 3424 010

151 3442 283 3506 Christo
298 3441 474 3504 residentes
491 3439 666 3522 degebant3
710 3491 716 3504 .
762 3490 769 3504 .
816 3492 821 3504 .

192 3541 278 3604 Cum
308 3546 417 3602 autem
443 3538 585 3601 famulus
607 3538 728 3602 Christi
754 3538 924 3601 Aldwinus
950 3537 1080 3615 ibidem,
1106 3539 1191 3603 sicut
1216 3540 1285 3621 jam

147 3641 275 3704 dictum
291 3646 348 3714 001,
364 3639 568 3720 aliquatenus
584 3638 793 3714 fructicasset,
810 3639 849 3701 ad
873 3638 937 3701 alia
959 3659 1087 3721 quoque
1108 3639 1178 3703 loca
1201 3639 1284 3721 cogi·
1405 3670 1406 3673 =

146 3740 233 3804 tavit
262 3738 407 3814 transire,
438 3745 471 3802 01
501 3736 606 3802 simile
637 3757 717 3820 opus
746 3738 888 3800 Domino
918 3738 1090 3821 adjuvante
1126 3738 1286 3821 perficere.

145 3839 253 3922 Igitur
288 3837 465 3901 constituto
488 3837 640 3900 fratribus
667 3857 764 3919 quem
793 3838 1005 3902 communiter
1033 3837 1097 3921 ipsi
1126 3837 1286 3919 elegerant

145 3937 265 4012 Priore,
280 3935 483 4018 proficiscens
506 3935 581 3999 inde
596 3934 728 4018 reliquit
742 3935 863 3999 ibidem
877 3937 1000 4000 sociu‘m
1015 3957 1082 4000 suae
1105 3935 1286 4018 peregrina-

144 4036 256 4112 tionis,
271 4035 311 4098 de
327 4055 391 4117 quo
407 4035 628 4117 supradictum
644 4041 702 4110 est,
717 4035 880 4113 Elfwium,
895 4037 1002 4100 virum
1020 4033 1238 4116 simplicitatis
1254 4041 1286 4096 01

144 4134 342 4199 innocentiae
357 4135 471 4197 merito
486 4133 736 4217 praedicandum,
752 4135 949 4199 orationibus
965 4143 998 4199 01
1012 4131 1153 4197 lacrimis
1165 4131 1287 4214 jugiter

142 4236 319 4298 intentum.
365 4232 491 4295 Tertius
516 4253 592 4296 vero
618 4232 747 4295 illorum
774 4234 889 4311 socius,
914 4233 1010 4298 videl.
1032 4230 1225 4308 Reinfridus,
1246 4232 1288 4294 ad

144 4330 395 4400 Streoneshalch
432 4331 518 4414 quod
556 4332 700 4395 Hwitcbi
737 4333 927 4416 appellatur,
957 4330 1095 4408 secessit,
1132 4331 1190 4394 ubi
1231 4333 1287 4395 ad-

142 4435 314 4499 venientes
360 4432 547 4514 suscipiens,
584 4432 813 4496 monachorum
850 4431 1082 4496 habitationem
1119 4431 1287 4496 instituere
