2866 5002
247 485 287 542 42
436 490 706 545 GARTULARIUM
725 491 930 543 ABBATHIAE
950 491 997 543 DE
1015 492 1207 546 WHITEBY.

248 658 319 722 Odo
341 657 493 734 Clericus,
515 656 573 740 qui
595 655 765 720 ecclesiam
787 655 828 720 de
850 655 1010 739 Orosseby
1031 657 1249 723 Ravenswart
1272 660 1395 726 diutius

247 763 403 834 tenuerat,
429 758 465 820 in
494 757 562 820 fata
590 755 810 833 concessisset,
838 755 944 820 D'nus
973 756 1053 834 Rex,
1079 758 1209 824 ratione
1239 762 1390 826 custodia

248 858 397 922 Abbatiae
412 857 451 921 de
464 857 618 939 Wyteby,
632 856 674 920 ad
696 876 795 939 qnam
817 856 930 920 eadem
948 856 1083 920 ecclesia
1104 859 1272 941 pertinere
1289 861 1387 926 dinos-

245 958 339 1033 citur,
360 957 554 1040 Magistrum
584 954 763 1019 Emaldum
792 956 886 1020 nobis
915 957 1135 1040 praesentavit,
1164 960 1329 1023 mandans
1357 966 1387 1022 ut

247 1056 385 1120 eundem
423 1054 618 1138 Magistrum
654 1055 690 1117 in
719 1053 832 1118 eadem
865 1054 1001 1119 ecclesia
1031 1055 1290 1135 institueremus,
1318 1058 1387 1122 licet

245 1154 310 1238 ipsi
330 1154 485 1218 Monachi
499 1153 539 1218 de
554 1153 705 1236 Wyteby,
720 1153 833 1217 audita
847 1159 949 1217 morte
964 1153 1109 1236 ejusdem
1125 1155 1252 1220 Odonis
1269 1156 1386 1234 Clerici

246 1254 288 1317 ad
309 1254 514 1336 praesentiam
534 1256 678 1316 nostram
696 1272 770 1316 cum
786 1252 883 1316 cartis
898 1258 932 1316 et
945 1252 1173 1318 instrumentis
1196 1258 1266 1319 suis
1290 1275 1387 1320 acces·

247 1354 373 1428 sissent,
388 1357 565 1416 asserentes
580 1351 668 1434 quod
689 1352 762 1434 ipsa
777 1351 914 1416 ecclesia
928 1352 974 1416 eis
990 1373 1011 1416 a
1023 1352 1110 1417 veris
1124 1355 1274 1436 patronis
1289 1356 1388 1418 fuerat

247 1472 403 1529 concessa,
419 1458 452 1515 et
469 1451 505 1515 in
526 1471 614 1534 perp.
631 1450 732 1528 elem,
746 1472 767 1515 a
779 1451 873 1514 bonae
887 1451 1049 1515 memoriae
1063 1451 1267 1530 Adelwoldo,
1282 1454 1387 1537 prede-

246 1571 370 1616 cessore
392 1557 510 1626 nostro,
525 1551 572 1614 eis
590 1550 787 1626 confirmata,
801 1550 902 1615 etiam
923 1570 981 1632 per
1002 1550 1283 1616 confirmationem
1297 1574 1388 1617 vene·

245 1650 357 1714 rabilis
372 1650 534 1714 memoriae
548 1649 673 1732 Rogeri,
684 1648 895 1714 Eboracensis
910 1648 1164 1732 Archiepiscopi,
1176 1652 1388 1715 corroborata:

245 1749 282 1813 in
297 1770 395 1832 quam
409 1769 467 1831 per
481 1748 665 1824 Robertum,
680 1747 957 1811 Archidiaconum
972 1747 1229 1828 Karleolensem‚
1245 1750 1288 1814 de
1302 1772 1388 1815 man·

246 1849 321 1913 dato
347 1849 491 1932 ejusdem
515 1848 766 1932 Amhiepiscopi,
787 1849 917 1912 fuerant
942 1849 1096 1926 instituti,
1117 1850 1160 1913 ad
1182 1871 1292 1934 quem,
1313 1857 1387 1916 tunc

244 1948 398 2031 temporis
420 1954 556 2011 vacante
579 1947 661 2011 Sede
683 1948 898 2025 Karleolensi‚
918 1947 1127 2012 ecclesiarum
1149 1951 1321 2032 spectabat
1341 1951 1386 2013 in·

245 2047 382 2122 stitutio,
404 2046 489 2110 sicut
510 2046 546 2108 in
568 2046 664 2109 cartis
688 2045 924 2129 praedictorum,
947 2051 1014 2110 tam
1037 2047 1271 2112 advocatorum
1293 2070 1385 2133 quam

246 2145 489 2229 Archiepiscopi
518 2144 737 2222 Eboracensis,
759 2150 793 2210 et
818 2145 972 2230 Episcopi
993 2152 1027 2210 et
1048 2147 1284 2212 Archidiaconi
1305 2149 1385 2212 Kar-

243 2245 436 2309 leolensium
455 2243 582 2328 plenius
604 2245 828 2328 perspeximus
843 2244 1010 2309 contineri
1053 2244 1179 2309 Verum
1201 2247 1388 2329 perturbata

244 2344 484 2408 lacrimabiliter
512 2343 702 2428 Anglieanae
731 2343 884 2408 Ecclesiae
916 2364 1004 2427 pace,
1033 2350 1165 2428 propter
1194 2345 1387 2410 discordiam

244 2445 331 2508 inter
344 2445 491 2528 Regnum
506 2449 539 2507 et
554 2443 775 2508 Sacerdotium
797 2464 855 2527 pro
876 2443 962 2506 facto
978 2443 1203 2520 cantuarensi,
1217 2451 1253 2509 et
1268 2445 1387 2510 eisdem

246 2543 416 2607 Monachis
438 2543 493 2625 jus
516 2562 619 2617 suum,
641 2548 738 2625 prout
760 2542 942 2606 debuerunt
968 2547 1001 2606 et
1025 2541 1210 2620 voluerunt,
1236 2545 1387 2628 prosequi

245 2664 312 2706 non
328 2641 521 2716 valentibus,
535 2646 649 2724 utpote
670 2646 798 2724 pastore
820 2640 1013 2718 carentibus,
1029 2646 1062 2705 et
1084 2642 1121 2704 in
1142 2643 1292 2706 custodia
1314 2643 1389 2707 D'ni

247 2742 343 2825 Regis
358 2740 665 2817 constitutis—Nos,
682 2740 804 2803 domini
826 2740 923 2825 Regis
938 2739 1085 2824 imperi0,
1100 2741 1243 2806 eundem
1267 2744 1386 2826 Magis·

246 2847 333 2904 trum
354 2840 531 2903 Ernaldum
553 2838 589 2901 in
610 2839 683 2922 ipsa
696 2839 841 2904 Ecclesia
856 2839 1010 2904 duximus
1031 2839 1284 2918 instituendum,
1300 2842 1385 2906 salvo

242 2940 315 3023 jure
345 2938 519 3003 eorundem
544 2937 780 3002 Monachorum
808 2943 883 3022 post
908 2938 1077 3003 decessum
1106 2939 1210 3022 ipsius
1236 2940 1386 3024 Magistri

245 3039 389 3116 Ernaldi,
410 3038 463 3102 vel
486 3030 590 3102 status
612 3038 682 3121 ejus
705 3039 929 3115 mutationem,
952 3038 1007 3103 cui
1028 3038 1161 3102 tandem
1183 3038 1385 3104 institutioni

245 3140 286 3204 ad
301 3139 490 3203 mandatum
511 3138 590 3200 D'ni
611 3137 706 3221 Regis
729 3142 967 3215 consenserunt,
982 3137 1064 3220 ipsis
1085 3142 1197 3202 tamen
1214 3139 1383 3222 jussuum

245 3238 506 3322 protestantibus,
522 3244 554 3300 et
569 3236 818 3319 appellantibus,
833 3243 931 3320 atque
946 3237 1216 3320 supplicantibus,
1231 3258 1274 3303 ne
1293 3238 1383 3302 illum

243 3340 368 3419 'iactum
383 3336 429 3399 eis
444 3336 657 3419 inposterum
672 3340 851 3398 verteretur
865 3335 901 3398 in
919 3335 1002 3419 juris
1018 3336 1071 3398 sui
1091 3335 1168 3418 praej
1173 3335 1320 3399 udicium
1333 3336 1383 3400 vel

244 3455 424 3519 gravamen.
470 3435 595 3511 Quibus
618 3440 790 3516 praesentes
804 3433 938 3510 litteras,
954 3434 996 3497 ad
1010 3454 1120 3498 eorum
1142 3434 1289 3498 crebram
1310 3456 1382 3518 sup·

245 3533 461 3618 plicationem,
490 3534 525 3595 in
554 3532 778 3596 testimonium
803 3532 887 3615 juris
917 3532 977 3609 sui,
1002 3536 1036 3596 et
1064 3551 1234 3615 processus
1264 3534 1383 3618 negotii

245 3708 363 3770 Oarliale,
375 3707 443 3769 who,
458 3708 487 3758 in
503 3707 550 3758 the
567 3723 632 3772 year
645 3708 721 3767 1212,
735 3705 847 3773 granted
865 3707 939 3758 them
953 3706 1028 3758 them
1039 3705 1087 3758 the
1099 3705 1239 3774 following
1256 3706 1385 3770 charter,'’

245 3792 342 3843 —that
353 3791 384 3853 is,
398 3791 446 3841 No.
461 3793 502 3842 35.
541 3794 557 3816 “
566 3790 624 3841 Odo
636 3789 683 3840 did
694 3793 744 3841 not
755 3789 819 3856 long
834 3789 940 3840 survive
952 3789 1000 3840 the
1011 3788 1136 3856 granting
1148 3789 1177 3840 ot
1193 3790 1251 3841 this
1263 3791 1383 3851 charter3

245 3893 298 3942 nay
310 3875 333 3926 it
350 3890 433 3925 seems
450 3878 480 3926 to
497 3890 540 3924 me
557 3873 651 3940 highly
663 3872 788 3939 probable
805 3872 867 3923 that
884 3871 919 3922 he
936 3872 991 3922 had
1008 3871 1126 3938 actually
1137 3873 1202 3938 paid
1215 3873 1265 3924 the
1276 3873 1343 3925 debt
1358 3873 1384 3924 ol

245 3966 339 4012 nature
356 3958 445 4008 before
457 3957 503 4008 the
515 3957 611 4007 monks
623 3956 651 4006 of
671 3955 784 4021 Whitby
796 3955 902 4022 applied
913 3955 955 4006 for
966 3955 996 4007 it.
1033 3955 1096 4018 But,
1109 3955 1248 4008 whatever
1265 3961 1382 4024 expects-

244 4044 315 4095 tions
330 4042 397 4108 they
408 4041 495 4108 might
507 4041 575 4091 form
587 4044 616 4090 to
628 4039 788 4090 themselves
805 4039 958 4101 therefrom,
970 4039 1040 4090 both
1050 4039 1098 4090 tha
1109 4038 1210 4105 Bishop
1222 4041 1278 4092 and
1289 4040 1382 4092 moniis

244 4144 313 4178 were
331 4124 516 4192 disappointed
537 4124 565 4173 in
582 4123 654 4174 their
671 4123 761 4188 hopes,
780 4138 809 4173 as
826 4123 882 4173 will
902 4123 962 4174 best
979 4138 1076 4188 appear
1093 4121 1163 4173 from
1184 4122 1233 4173 the
1251 4124 1383 4191 following

244 4207 508 4271 charter,'’—thatis,
520 4207 566 4258 the
575 4209 681 4272 present
690 4205 839 4257 document
867 4205 1002 4272 Allowing
1010 4205 1052 4256 for
1060 4204 1108 4256 the
1117 4204 1232 4257 writers
1240 4206 1384 4258 character·

243 4294 304 4345 istic
322 4292 450 4357 intimacy
462 4291 530 4341 with
540 4290 587 4341 the
599 4289 694 4340 details
706 4288 735 4339 of
752 4289 853 4340 Parson
871 4288 952 4339 Odo’a
969 4288 1113 4351 condition,
1124 4287 1181 4338 and
1198 4291 1256 4340 two
1268 4307 1299 4342 or
1310 4292 1383 4342 three

243 4377 321 4428 other
332 4375 386 4425 like
397 4379 519 4436 matters,
531 4373 578 4424 the
596 4372 767 4438 explanation
783 4371 863 4438 given
880 4370 1079 4436 iasufficiently
1089 4374 1120 4420 to
1137 4369 1187 4422 tha
1204 4372 1292 4438 point
1329 4373 1383 4424 The

243 4459 298 4512 fact
310 4458 370 4509 that
381 4456 429 4507 the
440 4456 577 4508 witnesses
589 4471 633 4506 are
644 4454 691 4506 the
703 4469 775 4505 same
786 4453 815 4503 in
826 4453 893 4505 both
904 4453 1061 4506 documento
1072 4452 1096 4504 is
1107 4455 1290 4522 notevrorthy.
