2866 5002
263 517 536 570 cesrULARIUM
559 517 760 569 ABBATHIAE
777 519 825 569 DE
844 519 1028 572 WHITEBY.
1149 513 1208 570 145

12 738 15 749 .
67 702 149 746 vero
165 682 392 746 defunctorum
415 681 519 745 eidem
542 682 673 766 capellae
694 684 931 764 pertinentium
946 685 980 747 in
996 686 1152 752 cimiterio
1173 689 1208 751 B.

12 760 19 863 1
67 779 188 844 Mariae
203 780 242 844 de
262 780 395 861 Witeby
410 780 613 863 sepelientur.
659 780 780 844 Nullus
801 802 876 845 vero
896 782 936 845 ad
959 783 1152 848 cimiterium
1173 787 1207 850 B.

12 868 21 879 '
68 879 162 944 Petri
174 880 342 956 deferetur,
353 901 412 944 nec
424 880 613 962 quicquam¹
625 879 704 943 illuc
716 881 821 945 ducet.
859 883 1019 946 Dominus
1028 905 1102 948 vero
1113 886 1209 962 villae,

69 985 105 1043 et
127 980 281 1056 Clericus,
303 981 425 1062 absque
448 980 537 1042 omni
558 979 691 1042 licentia
712 980 859 1044 Personae
882 982 1013 1064 capellae
1035 985 1209 1061 attributae,
1234 988 1236 993 ’

12 1122 25 1193 3
68 1079 107 1142 in
122 1080 283 1143 cimiterio
298 1080 328 1143 S.
343 1079 432 1142 Petri
447 1078 628 1160 sepelietur,
640 1079 668 1141 si
683 1079 719 1141 in
733 1081 802 1142 vita
817 1101 875 1142 sua
891 1081 1030 1164 elegerit,
1045 1084 1099 1147 vel
1113 1085 1210 1148 amici

12 1196 27 1263 ς
70 1184 147 1262 post
169 1184 305 1242 mortem
327 1177 517 1261 p(e)tie1int.
563 1177 699 1240 Missam
722 1198 796 1241 vero
816 1179 966 1243 Snetonae
989 1182 1129 1246 Persona
1143 1204 1209 1247 non

19 1266 28 1357 1
70 1277 213 1342 celebret
223 1297 280 1360 pro
289 1276 481 1359 sepelienda,
491 1275 555 1339 nisi
566 1276 656 1358 prius
672 1277 819 1340 Personae
828 1277 867 1341 de
878 1278 1011 1361 Witeby
1027 1281 1210 1360 mandetur3

16 1358 30 1469 ἶ
71 1383 104 1440 et
139 1376 226 1440 idem
253 1377 282 1440 si
307 1376 417 1440 venire
452 1375 638 1458 neglexerit,
675 1375 729 1439 vel
754 1396 820 1438 non
845 1379 971 1459 poterit,
998 1379 1137 1444 Persona
1170 1382 1209 1445 de

11 1484 34 1567 ξ(
70 1475 216 1539 Snetona
230 1475 368 1539 fideliter
381 1496 438 1558 pro
454 1474 618 1539 communi
630 1475 772 1538 utilitate
789 1477 954 1539 servitium
970 1478 1074 1542 iaciat.
1112 1480 1209 1556 Quic-

27 1574 31 1581 '
71 1571 167 1657 quid2
187 1594 261 1637 vero
283 1574 319 1637 in
334 1575 385 1638 die
408 1573 582 1656 sepulturae
604 1593 662 1656 pro
684 1573 792 1656 aliquo
813 1574 1036 1638 defunctorum
1061 1577 1210 1642 offeretur

72 1675 142 1736 sive
172 1674 208 1735 in
239 1673 362 1756 capella
391 1673 431 1737 de
458 1673 609 1748 Snetona,
635 1673 703 1736 sive
733 1674 769 1735 in
798 1673 943 1737 Ecclesia
969 1675 999 1739 S.
1026 1676 1139 1740 Mariae
1168 1677 1209 1741 de

72 1772 216 1854 Witeby,
232 1779 264 1836 et
287 1770 458 1856 quicquid²
479 1771 598 1854 aliquis
621 1771 795 1835 moriturus
818 1773 958 1855 capellae,
981 1775 1033 1837 vel
1056 1775 1208 1840 Ecclesiae

11 1916 30 1948 =-
71 1872 106 1936 Β.
124 1872 241 1935 Mariae
263 1873 303 1936 de
318 1871 452 1953 witeby
467 1871 502 1934 in
518 1871 587 1933 vita
607 1891 666 1934 sua
681 1873 911 1935 convenienter
933 1872 1089 1950 diviserit,
1104 1875 1151 1938 ita
1171 1884 1209 1939 ut

21 2008 33 2046 ;
69 1977 156 2036 terra
166 1971 270 2053 ipsius
282 1992 348 2034 non
359 1976 513 2046 vastetur,
528 1969 564 2032 in
579 1968 643 2032 duo
655 1969 829 2045 dividatur,
844 1975 876 2034 et
888 1970 1060 2035 dimidium
1076 1975 1208 2057 capellae

10 2108 16 2119 ·
68 2074 245 2146 remaneat,
261 2075 293 2133 et
304 2070 380 2134 dim.
396 2068 548 2133 Ecclesiae
564 2068 603 2132 de
619 2069 761 2151 witeby.
805 2070 849 2133 Et
864 2070 1020 2147 similiter,
1036 2073 1209 2156 quicquid2

11 2202 33 2209 -·
67 2190 127 2253 pro
139 2170 340 2233 orationibus
349 2169 402 2233 vel
417 2169 686 2233 celebrationibus
701 2169 872 2232 missarum
884 2172 1030 2236 sacerdos
1045 2174 1208 2257 percipiet,

23 2294 27 2301 ·
65 2268 223 2333 similiter
238 2268 408 2333 dividatur.
453 2267 496 2330 Et
507 2266 676 2331 servitium
685 2288 742 2351 pro
757 2266 918 2332 defunctis
927 2269 1012 2335 inter
1021 2292 1074 2336 eos
1084 2272 1207 2338 divida-

63 2375 130 2434 tur.
156 2368 299 2431 Persona
308 2388 385 2431 vero
395 2366 434 2430 de
445 2366 586 2430 Suetona
596 2386 744 2449 praesens,
757 2371 789 2430 et
800 2386 911 2431 omnes
924 2389 1120 2436 successores
1130 2373 1209 2456 ejus,

62 2468 132 2532 fide
147 2468 369 2551 astringentur
380 2487 414 2530 se
429 2465 520 2529 nulla
535 2471 602 2529 arte
615 2465 806 2547 quaesituros
821 2471 858 2528 ut
869 2467 1012 2534 Ecclesia
1027 2470 1067 2535 de
1076 2472 1208 2554 Witeby

1361 984 1370 1013 t

62 2563 238 2652 [ratione]³
253 2565 475 2630 conventionis
491 2564 543 2628 hic
559 2563 723 2646 inscriptae
739 2562 969 2630 detrimentum
984 2568 1135 2634 incurrat.

202 2779 384 2844 CLXXXI.

111 2916 274 2981 Omnibus
286 2916 343 2979 has
359 2916 484 2979 litteras
496 2915 554 2978 vis.
565 2915 618 2978 vel
630 2914 701 2979 aud.
714 2916 858 2998 Rogerus
870 2916 1046 3001 Burrigan⁴
1058 2918 1205 2986 salutem.
1219 2945 1365 3005 angorem-

62 3016 208 3081 Noverit
230 3015 318 3078 univ.
334 3037 363 3079 v.
379 3035 440 3090 me,
463 3014 502 3078 de
518 3014 684 3077 voluntate
708 3021 740 3078 et
763 3034 894 3077 assensu
917 3015 1073 3091 Matildis,
1097 3019 1204 3083 uxoris
1217 3004 1355 3110 {ffissfftss

62 3135 159 3191 meae,
179 3121 212 3177 et
226 3113 300 3177 haer.
315 3135 459 3176 meorum
475 3113 659 3177 vendidisse
675 3114 758 3176 D'no
781 3134 852 3176 meo
875 3115 1006 3197 Rogero,
1020 3114 1141 3179 Abbati
1164 3117 1204 3183 de
1218 3123 1340 3182 nugetur

63 3213 213 3294 witeby,
238 3219 338 3276 totam
367 3213 467 3287 t'ram,
494 3233 568 3275 cum
592 3212 736 3274 aedificiis
763 3208 795 3274 et
817 3214 965 3277 omnibus
988 3214 1204 3295 aysiamentis,
1217 3181 1374 3287 1111111111ὴὲ(

63 3333 169 3398 quam
184 3312 275 3374 tenui
291 3312 329 3375 de
346 3311 457 3374 eodem
473 3311 557 3373 D'no
573 3330 643 3372 meo
666 3311 701 3372 in
716 3311 795 3373 villa
811 3312 849 3375 de
865 3313 980 3396 lifing,
995 3334 1053 3397 pro
1069 3321 1206 3398 quatuor
1217 3300 1372 3420 {mmm

63 3412 187 3478 marcis
214 3412 348 3494 argenti,
375 3430 455 3494 quas
485 3411 566 3472 mihi
594 3410 684 3472 dedit
709 3410 744 3472 in
772 3432 888 3492 magna
913 3414 1103 3479 necessitate
1125 3437 1205 3495 mea,

63 3512 240 3594 sol(ut)am
257 3517 289 3573 et
311 3510 452 3592 quietam
478 3509 517 3573 de
533 3530 584 3572 me
603 3516 634 3573 et
650 3509 725 3572 haer.
741 3510 822 3573 meis
844 3511 880 3574 in
894 3521 1093 3596 perpetuum.
1137 3517 1205 3601 Ego

62 3631 154 3687 vero,
170 3609 277 3672 dictus
301 3609 452 3691 Rogana,
468 3629 533 3671 una
548 3628 622 3670 oum
644 3629 742 3671 uxore
758 3630 838 3686 mea,
853 3611 947 3675 tactis
970 3618 1205 3693 sacro-sanctis,

59 3710 174 3794 juravi
190 3714 223 3772 et
238 3708 369 3771 affidari
384 3708 418 3768 in
430 3728 529 3770 manu
545 3707 624 3770 dicti
639 3707 716 3769 D'ni
731 3709 804 3784 mei,
819 3730 876 3792 pro
890 3731 942 3774 me
958 3719 991 3775 et
1005 3713 1092 3778 dicta
1108 3737 1205 3779 uxore

62 3831 148 3886 mea,
161 3815 194 3872 et
203 3808 276 3871 haer.
289 3807 378 3881 meis,
395 3807 482 3888 quod
497 3827 663 3889 nunquam
675 3807 710 3868 in
721 3807 817 3890 praed.
829 3809 887 3872 t’ra
899 3810 1040 3894 aliquam
1053 3813 1205 3878 faciemus

63 3908 289 3990 calumpniam
311 3906 397 3969 unde
413 3907 537 3968 Domus
553 3906 592 3968 de
608 3906 751 3988 Wyteby
766 3908 908 3991 aliquam
929 3911 1031 3992 possit
1045 3911 1206 3976 incurrere

59 4013 235 4095 J'aeturam.
281 4006 356 4067 Hiis
379 4005 526 4069 testibus.
571 4004 737 4088 Stephano
761 4006 800 4068 de
826 4007 930 4070 Rosel.
975 4008 1139 4072 Willelmo
1167 4011 1205 4074 de

63 4107 193 4173 Everle.
237 4105 406 4168 Willelmo
422 4105 460 4166 de
484 4103 586 4183 Percy'
602 4103 641 4166 de
664 4103 830 4168 Dunesle.⁵
876 4106 998 4189 Rogero
1020 4106 1060 4170 de
1074 4107 1205 4172 Yrtona.

101 4248 109 4280 ¹
125 4249 154 4296 lt
167 4245 189 4294 is
204 4249 219 4272 “
229 4245 371 4309 quiequam
379 4243 394 4268 ’'
406 4243 433 4291 in
445 4241 512 4292 both
522 4241 648 4292 charters.
766 4240 777 4272 ²
795 4243 918 4305 Quicquid

100 4330 112 4364 ³
131 4332 211 4381 Some
229 4328 293 4378 such
307 4327 379 4376 word
393 4342 421 4375 as
435 4331 453 4354 “
463 4324 585 4376 ratione¹’
604 4325 685 4375 neoda
698 4329 727 4375 to
744 4325 776 4374 be
791 4327 913 4391 supplied
925 4327 952 4376 in
972 4329 1126 4380 connection
1139 4331 1207 4382 with

63 4415 130 4465 both
146 4410 330 4461 construction
343 4408 397 4457 and
409 4424 491 4460 sense.
765 4405 775 4438 ⁴
794 4407 843 4458 See
855 4409 917 4460 Nos.
935 4411 991 4471 159,
1009 4413 1065 4470 160.
1084 4415 1141 4475 165,
1156 4420 1206 4468 etc.

100 4499 111 4529 ⁵
131 4497 173 4546 As
193 4494 248 4544 this
260 4493 326 4542 deod
345 4493 420 4542 dates
434 4492 461 4541 in
476 4491 567 4541 Abbot
586 4490 693 4557 Roger’s
705 4492 777 4552 time,
792 4507 821 4541 or
837 4493 908 4543 after
929 4496 1003 4556 1222,
1017 4497 1040 4547 it
1052 4497 1074 4548 is
1093 4498 1207 4565 scarcely

630 4578 649 4622 Κ
