2866 5002
250 563 524 616 CARTULARIUM
543 565 746 617 ABBATHIAE
765 566 814 616 DE
832 566 1017 618 WHITEBY.
1142 557 1202 615 263

64 733 184 790 nostra
200 733 313 810 sponte
336 734 367 791 et
390 729 535 792 absolute
557 723 803 806 commisissent,
825 750 892 806 noe,
914 731 1025 794 habita
1048 730 1204 794 delibera-

63 829 162 903 tione,
178 849 303 891 necnon
326 829 423 891 etiam
445 835 593 906 tractatu,
609 850 705 912 super
727 851 764 893 eo
787 850 862 894 cunr
884 831 1040 908 discretis,
1060 832 1205 914 pensatis

63 930 99 990 et
127 927 246 990 taxatis
273 927 483 992 facultatibus
507 928 609 1011 ipsius
634 928 776 993 ecclesiae
806 949 864 1012 per
886 930 973 994 viros
998 931 1060 995 fide
1083 931 1206 1014 dignos,

62 1025 219 1088 vicariam
255 1025 359 1108 ipsam
396 1026 615 1090 ordinavimus
652 1027 688 1089 in
725 1028 827 1091 forma
869 1029 1048 1112 subscripta
1059 1029 1206 1092 z-videl.

63 1124 153 1208 quod
169 1125 308 1188 vicarius
331 1126 387 1208 qui
409 1146 467 1208 pro
490 1132 633 1208 tempore
656 1127 717 1189 erit
739 1126 857 1190 habeat
883 1133 989 1190 totum
1016 1127 1206 1211 alteragium

64 1245 141 1287 cum
156 1224 273 1307 viginti
288 1226 368 1288 acris
384 1232 477 1288 terrae
500 1230 533 1288 et
553 1225 678 1289 duobus
692 1227 784 1289 tostis
799 1231 874 1290 ante
895 1234 1021 1309 portam
1043 1228 1207 1310 quondam

65 1323 197 1386 Ricardi
219 1324 257 1387 de
282 1324 422 1400 Oamcra,
445 1344 516 1406 quae
539 1323 671 1406 quidem
693 1325 724 1389 ei
745 1346 803 1408 pro
825 1325 945 1389 vicaria
967 1325 1206 1410 imperpetuum

65 1422 325 1504 assignavimus:
362 1423 538 1487 Reddendo
580 1423 656 1487 inde
695 1425 863 1487 annuatim
901 1424 998 1488 dictis
1035 1425 1206 1490 Menochia

65 1521 106 1584 de
144 1521 301 1605 Whiteby
337 1522 456 1606 viginti
500 1522 882 1587 solidos-medietatem
919 1522 985 1587 scil.
1023 1523 1064 1586 ad
1108 1524 1129 1588 f.
1176 1524 1206 1588 S.

66 1620 204 1683 Martini
227 1621 263 1683 in
295 1641 398 1704 yeme,
425 1626 458 1684 et
483 1621 565 1685 med.
591 1621 632 1684 ad
662 1622 893 1699 Pentecosten3
927 1627 959 1685 et
990 1621 1079 1685 salva
1110 1622 1207 1686 dictis

10 1749 13 1753 ·
66 1720 155 1784 Mon.
173 1720 296 1784 decima
311 1721 394 1784 lanae
410 1726 442 1784 et
465 1741 621 1803 agnorum
643 1721 744 1784 totius
766 1720 925 1803 parochiae
946 1720 1117 1803 praedictae,
1133 1741 1207 1785 cum

10 1878 18 1886 ,
65 1819 191 1882 duabus
222 1820 367 1902 partibus
404 1820 472 1882 feni
503 1820 542 1883 de
576 1819 736 1883 dominico
766 1819 853 1882 villae
886 1820 926 1884 de
959 1820 1140 1903 Meybrun:
1175 1824 1207 1884 et

64 1919 154 2002 quod
179 1919 327 1995 vicarius,
350 1919 407 2002 qui
433 1940 490 2002 pro
515 1925 657 2001 tempore
680 1919 740 1982 erit
765 1917 801 1980 in
827 1918 913 1981 diota
935 1919 1077 1995 ecclesia,
1101 1918 1209 1982 omnia

10 2074 21 2082 .
63 2038 162 2082 onera
180 2018 339 2081 ordinaria
362 2023 394 2082 et
416 2016 680 2082 consueta—scil.
707 2017 864 2080 sinodalia
886 2023 918 2081 et
941 2017 1209 2082 archidiaconalia

63 2116 240 2181 sustineat:
264 2123 296 2180 et
319 2118 405 2200 quod
427 2118 463 2180 in
486 2116 747 2181 extraordinariis
770 2116 900 2179 auxiliis
921 2117 1030 2180 Abbas
1053 2122 1085 2180 et
1109 2118 1207 2181 Oonv.

12 2254 16 2259 -
61 2217 104 2280 de
121 2216 276 2298 Whiteby
294 2216 362 2300 (97)
380 2239 436 2300 pro
452 2238 510 2280 sua
524 2217 679 2299 portione,
690 2216 839 2279 Vicarius
854 2236 911 2298 pro
927 2237 994 2293 sua,
1009 2217 1207 2301 respondeat.

61 2315 310 2380 Ordinationem
333 2317 492 2399 siquidem
514 2315 733 2400 praescriptam
753 2323 857 2379 ratam
878 2314 994 2380 habere
1009 2316 1159 2380 volumus
1176 2322 1209 2381 et

58 2415 225 2478 illibatam
239 2415 486 2498 imperpetuum.
525 2416 566 2477 In
581 2415 672 2497 cujus
688 2415 734 2478 rei
749 2415 971 2478 testimonium
985 2435 1075 2498 praes.
1088 2415 1208 2499 scripto

60 2514 210 2597 sigillum
224 2520 371 2578 nostrum
385 2515 521 2579 fecimus
537 2515 665 2597 apponi.
710 2513 831 2578 Actum
846 2515 934 2596 apud
949 2514 1089 2580 Karleol.
1105 2515 1209 2597 pridie

59 2614 221 2679 kalendas
243 2615 375 2697 Aprilis,
396 2615 604 2698 pontificatus
634 2615 737 2677 nostri
767 2634 851 2678 anno
874 2615 1028 2677 vicesimo
1051 2614 1209 2696 primo.—

60 2716 143 2790 Nos
159 2713 265 2797 igitur,
280 2715 460 2796 praemissas
483 2714 702 2777 concessiones
718 2720 750 2777 et
766 2713 1024 2777 confirmationes
1048 2713 1208 2796 praedictis

59 2815 100 2877 in
117 2812 245 2877 Christo
262 2813 346 2890 filiis,
357 2834 454 2896 super
467 2815 601 2896 praefata
616 2814 748 2877 ecclesia
764 2813 803 2876 de
820 2812 959 2894 Orossby
974 2812 1207 2875 Ravenswarth

59 2915 99 2977 in
122 2913 267 2995 proprios
289 2934 367 2977 usus
388 2914 551 2996 perpetuis
573 2913 773 2995 temporibus
797 2910 1000 2994 possidenda,
1015 2910 1135 2988 factas;
1159 2910 1210 2973 in·

59 3033 163 3095 super
183 3019 215 3075 et
232 3014 430 3075 taxationem
446 3013 574 3075 vicariae
595 3012 756 3094 praedictae
779 3009 920 3073 ecclesiae
942 3009 1040 3092 paulo
1063 3010 1209 3092 superius

59 3116 281 3186 memoratam,
297 3118 381 3174 ratas
404 3116 436 3174 et
454 3112 561 3173 firmas
584 3110 748 3183 habentes,
765 3130 804 3172 ex
828 3114 914 3172 certa
937 3107 1072 3171 scientia
1096 3109 1209 3171 confir-

59 3231 199 3274 mamus
245 3212 286 3272 Et
309 3211 337 3273 si
359 3211 433 3292 quis
449 3210 592 3272 defectus
615 3209 650 3270 in
674 3208 782 3290 aliqua
804 3207 1031 3290 praedictarum
1054 3208 1210 3271 concessi-

60 3331 166 3374 onum
181 3330 234 3372 seu
252 3309 530 3372 confirmationum
545 3308 650 3384 fuerit,
663 3306 766 3383 illum,
779 3312 811 3371 et
825 3305 899 3370 illos
915 3306 943 3370 si
958 3305 1066 3388 plures
1079 3306 1210 3383 fuerint,

59 3409 178 3473 habita
194 3429 288 3491 super
303 3409 363 3471 hoc
379 3407 607 3471 deliberatione
623 3413 655 3470 et
671 3411 811 3469 tractatu
834 3426 909 3469 cunr
932 3410 1042 3470 nostro
1065 3407 1210 3483 concilio,

60 3508 215 3592 diligenti
240 3508 380 3571 caritatis
407 3507 538 3582 intuitu,
562 3506 752 3569 auctoritate
774 3505 953 3589 pontificali
979 3505 1211 3590 su[p]plemus:

60 3611 111 3672 ita
134 3606 284 3669 videlicet
307 3606 393 3688 quod
416 3606 536 3668 dictam
558 3605 735 3682 ecclesiam,
750 3626 825 3668 cum
848 3606 998 3669 omnibus
1021 3607 1089 3670 suis
1111 3606 1210 3689 perti-

61 3706 195 3781 nentiis,
210 3704 300 3767 salva
321 3705 474 3787 praedicta
496 3705 641 3786 portione
656 3704 783 3767 vicariae
806 3705 968 3788 assignata
989 3705 1025 3766 in
1044 3705 1156 3768 eadem
1174 3705 1210 3766 in

61 3804 210 3889 proprios
222 3824 308 3878 usus,
319 3805 403 3866 sicut
417 3803 573 3866 hactenus
588 3803 780 3881 habuerunt,
793 3803 828 3865 in
843 3809 1008 3884 posterum
1022 3802 1210 3884 possideant

62 3912 97 3969 et
130 3902 270 3966 habeant
299 3903 546 3984 imperpetuum,
572 3903 704 3985 integre,
729 3901 861 3983 pacifice
891 3922 928 3964 ac
958 3901 1067 3983 quiete
1079 3923 1087 3978 ;
1120 3898 1210 3962 salva

61 4012 175 4067 tamen
191 4002 226 4062 in
241 4001 391 4063 omnibns
403 4001 554 4064 Ecclesiae
563 4000 784 4064 Karleolensis
800 4000 966 4081 dignitate,
981 4003 1014 4060 et
1025 3997 1153 4079 juribus
1169 3998 1210 4060 ad

61 4106 171 4186 ipsam
198 4101 435 4181 pertinentibus
460 4099 499 4163 de
524 4101 642 4163 eadem.
688 4099 729 4161 ln
753 4099 846 4179 cujus
868 4098 915 4160 rei
938 4094 1035 4158 robur
1058 4101 1091 4159 et
1116 4095 1210 4159 testi-

61 4200 213 4265 monium
224 4199 278 4282 sig.
292 4207 435 4263 nostrum
450 4200 583 4262 fecimus
594 4220 651 4262 scr.
662 4219 708 4280 pr.
722 4196 848 4279 apponi.
893 4195 1018 4257 Datum
1029 4194 1117 4276 opud
1139 4245 1146 4260 .
1172 4245 1179 4259 .
1203 4245 1208 4258 .

63 4308 158 4367 sexto
181 4301 254 4363 idus
284 4301 387 4376 Junii,
409 4301 446 4362 A.
471 4300 508 4363 G.
534 4298 705 4361 millesimo
730 4317 765 4360 cc
788 4294 979 4378 octogesimo
1003 4294 1116 4375 primo.
1169 4295 1210 4357 In

63 4402 165 4482 hujus
181 4400 227 4462 rei
248 4399 469 4462 testimonium
489 4397 630 4481 sigillum
647 4395 865 4461 Officialitatis
881 4392 987 4457 Curiae
1001 4393 1210 4458 Eboracensis

63 4499 218 4584 prasenti
234 4499 351 4581 scripto
368 4498 502 4562 fecimus
519 4496 643 4579 apponi.
690 4496 813 4558 Datum
829 4501 887 4558 eto.
