2866 5002
253 543 525 596 CARTULARIUM
542 543 746 596 ABBATHIAE
762 546 811 596 DE
829 547 1015 600 WHITEBY.
1138 536 1200 599 275

67 707 238 785 Michaele,
249 708 381 772 Decano
398 704 465 793 [de]
478 707 743 774 Westmorlande.
781 710 951 775 Ronlando
963 712 1003 777 de
1014 713 1201 799 Revesgille.

65 806 211 872 Waltero
226 807 266 872 (16
282 807 439 891 Revesby.
482 806 624 871 Waltero
640 807 706 870 filio
722 809 812 892 ejus3
834 815 867 874 et
881 809 962 875 aliis.

421 1005 612 1070 CCCXXV.
634 1007 722 1070 Auru
738 1023 851 1074 enarr.

110 1167 389 1233 Reverendissimo
418 1167 508 1232 Patri
538 1173 572 1232 et
601 1168 685 1232 D'no
716 1169 899 1255 H[onorio],
927 1172 968 1237 D.
999 1172 1037 1238 G.
1068 1171 1201 1238 Summo

64 1268 226 1345 Pontifici,
240 1267 349 1332 Abbas
375 1267 415 1330 de
442 1265 549 1349 Selby,
571 1268 611 1332 de
637 1268 810 1345 Dunelm0‚
831 1269 871 1332 de
895 1270 1080 1354 Gysbumia
1102 1279 1136 1336 et
1161 1271 1201 1335 de

64 1366 229 1450 Fynehale
258 1366 392 1442 Priores,
417 1387 441 1430 s.
466 1366 502 1429 in
528 1366 679 1443 Domino,
709 1372 743 1431 et
769 1388 898 1432 causam
927 1369 1077 1433 devotam
1102 1390 1200 1453 quam

65 1466 209 1532 debitam
237 1466 273 1529 in
303 1466 452 1529 omnibus
482 1465 698 1530 obedientiam
726 1474 758 1530 et
787 1468 1005 1533 reverentiam.
1064 1469 1201 1533 Noverit

64 1565 227 1630 Sanctitas
248 1571 354 1629 vestra
376 1584 434 1628 nos
456 1564 637 1647 inspexisse
659 1571 762 1630 cartas
784 1567 927 1631 virorum
949 1566 1201 1644 Venerabilium,

62 1664 202 1729 Abbatis
231 1671 265 1728 et
293 1663 523 1727 monachorum
559 1664 600 1728 de
627 1664 793 1747 Whiteby‚
830 1685 910 1749 quas
947 1665 1069 1730 habent
1105 1686 1202 1749 snper

63 1764 199 1829 ecclesia
221 1763 260 1827 de
284 1764 440 1847 Crosseby
455 1763 712 1841 Ravenswarthe,
728 1785 865 1848 quarum
887 1766 1117 1850 transcriptum
1139 1767 1200 1831 sub

61 1863 250 1929 testimonio
266 1862 443 1947 sigillorum
458 1869 639 1926 nostrorum
657 1863 828 1928 Sanctitati
845 1864 952 1949 (1031‘)
967 1870 1082 1930 vestrae
1095 1869 1200 1929 trans-

60 1963 235 2039 mittimus,
250 1961 470 2045 supplicantes
496 1961 655 2026 attentius
681 1964 835 2046 quatinus
861 1965 949 2049 ipsos
972 1965 1067 2028 solita
1090 1964 1200 2048 benig·

60 2063 179 2126 nitatis
195 2063 298 2146 gratia
313 2081 409 2144 super
429 2060 640 2144 petitionibus
664 2062 731 2126 suis
745 2071 853 2127 vestra
875 2064 1028 2149 dignetur
1049 2063 1201 2129 exaudire

58 2160 242 2226 clementia
288 2160 404 2224 Valeat
420 2160 581 2225 Sanctitas
595 2167 702 2225 vestra
716 2162 752 2225 in
766 2161 916 2227 Domino.

293 2371 501 2438 OOOXXVL
523 2373 609 2436 Amr
624 2389 731 2437 oraru
745 2390 788 2438 nr
804 2375 981 2442 Onossnar.

108 2535 268 2600 Omnibus
291 2533 331 2597 ad
353 2553 434 2616 quos
455 2554 502 2616 pr.
519 2553 574 2598 scr.
591 2555 689 2617 perv,
704 2534 744 2598 de
767 2535 898 2600 Revalle
921 2543 954 2600 et
976 2536 1016 2599 de
1031 2535 1200 2601 Belleland
1327 2570 1333 2579 ·

59 2634 219 2710 Abbates‚
240 2632 279 2696 (16
303 2633 483 2715 Gysburne,
505 2631 545 2695 de
570 2632 794 2717 Brydlington,
816 2634 856 2697 de
879 2634 1083 2717 Novoburgo,
1105 2640 1138 2699 et
1160 2633 1200 2696 de

59 2734 196 2796 Marton
210 2732 343 2807 Priores,
359 2739 510 2795 aeternam
524 2731 560 2795 in
574 2731 716 2794 Domino
731 2731 877 2796 salutern.
914 2732 1052 2795 Noverit
1065 2732 1153 2797 univ.
1168 2752 1198 2794 v.

60 2850 124 2894 nos
140 2829 309 2913 diligenter
330 2829 517 2913 inspexisse,
533 2837 566 2893 et
587 2829 736 2893 manibus
753 2830 871 2893 nostris
889 2833 1075 2893 attrectasse
1097 2834 1199 2893 cartas

60 2937 96 2993 et
119 2928 333 2991 instrumenta
347 2928 591 2991 venerabilium
605 2927 756 3004 virorum,
771 2926 910 2991 Abbatis
922 2931 955 2990 et
969 2925 1199 2990 monachorum

58 3028 102 3090 (16
118 3026 282 3109 Whiteby‚
298 3048 369 3110 quae
391 3026 511 3090 habent
537 3047 634 3110 super
654 3025 788 3089 66616616
811 3025 851 3090 (16
876 3025 1034 3108 Crosseby
1056 3026 1197 3090 Ravens-

56 3125 166 3190 warth
190 3125 224 3188 in
252 3125 456 3189 Karleolcnsi
482 3125 608 3202 diocesi,
639 3145 776 3208 quorum
811 3128 964 3200 tenorem,
993 3123 1129 3187 verbum
1166 3130 1199 3188 et

60 3224 171 3299 verbo,
193 3231 289 3307 prout
310 3225 346 3286 in
368 3223 539 3287 autenticis
562 3244 681 3300 eorum,
703 3222 904 3306 inspeximus
927 3222 988 3286 sub
1011 3221 1197 3286 testimonio

61 3321 244 3405 sigillorum
260 3328 440 3385 nostrorum
464 3321 562 3406 [quae]
587 3322 628 3385 ad
651 3321 841 3405 petitionem
864 3321 1038 3385 eorundem
1059 3321 1197 3386 Abbatis

62 3429 96 3486 et
112 3421 342 3485 monachorum
357 3422 397 3485 de
410 3421 567 3503 Whiteby
581 3421 658 3485 huic
673 3420 792 3503 scripto
808 3421 1023 3506 apposuimus.

354 3631 581 3697 cccxxvss.
605 3632 693 3695 Amr
708 3647 751 3695 nn
767 3632 905 3699 Cacsar.

105 3796 200 3860 Omn.
217 3792 339 3857 Christi
354 3792 502 3855 fidelibus
524 3791 583 3855 has
605 3791 729 3855 litteras
752 3793 810 3858 vis.
826 3794 879 3857 vel
901 3793 982 3870 aud,
997 3793 1134 3857 Thomas
1157 3794 1196 3858 de

59 3896 258 3978 Hastynges,
274 3913 296 3958 s.
313 3893 348 3955 in
370 3892 518 3955 Domino.
564 3891 700 3956 Noverit
721 3892 809 3957 univ.
825 3914 856 3956 v.
870 3911 923 3955 me
937 3897 1021 3955 ratas
1036 3899 1069 3955 et
1090 3898 1196 3976 gratas

57 3995 178 4058 habere
201 4013 312 4056 omnes
335 3991 522 4055 donationes
545 3996 578 4055 et
601 3990 821 4055 concessiones
844 4010 924 4074 quas
951 3989 1132 4072 Torphinus
1156 3991 1195 4054 de

57 4095 264 4168 Alverstane,
279 4100 313 4156 61
327 4091 453 4155 Alanus
469 4090 554 4155 filius
570 4091 648 4174 ejus,
663 4111 742 4154 avus
757 4110 857 4166 meus,
873 4087 945 4153 616.1

96 4240 106 4274 ¹
125 4240 191 4291 This
203 4241 226 4291 is
237 4240 338 4305 merely
350 4240 462 4291 another
474 4256 542 4306 copy
554 4240 582 4290 of
593 4239 643 4291 No.
658 4241 699 4302 31,
713 4239 780 4290 with
793 4254 809 4288 6
820 4237 897 4289 small
909 4235 1040 4287 variation
1052 4253 1082 4288 or
1093 4241 1149 4290 tvvo
1161 4255 1195 4290 on

56 4325 182 4392 spelling,
195 4341 224 4374 as
239 4323 500 4375 “Ravenewarthe”
512 4323 555 4374 for
571 4327 585 4351 “
595 4320 829 4384 Raueneewarth,''
843 4316 1040 4372 “Bussell''for
1053 4321 1197 4386 “Ructat”

60 4406 273 4473 “Geddynges”
296 4407 338 4457 ior
360 4406 530 4473 “Gedding,''
547 4405 601 4456 and
620 4405 667 4456 the
685 4404 806 4456 addition
824 4404 852 4455 oi
868 4404 944 4455 three
962 4418 1034 4454 moro
1052 4404 1197 4470 witnesses,

57 4493 110 4545 viz.
124 4491 286 4542 :-Roberto
300 4491 332 4542 de
345 4491 474 4557 Fylynge.
513 4490 556 4540 W.
578 4527 583 4540 .
605 4529 610 4541 .
632 4528 637 4540 .
657 4489 690 4540 de
708 4488 847 4556 Whiteby.
884 4488 926 4540 W.
947 4525 952 4537 .
973 4525 979 4538 .
1000 4526 1006 4539 .
1026 4488 1058 4539 (16
1071 4488 1196 4557 Hergum.
