2866 5002
246 423 515 475 CARTULARIUM
535 423 738 474 ABBATHIAE
756 424 805 474 DE
823 425 1010 475 WHITEBY.
1134 414 1193 472 155

56 588 193 651 civitate
224 596 257 651 et
287 593 385 663 extra,
415 587 451 649 in
481 587 607 651 forestis
644 593 677 650 et
713 588 835 665 divisis,
865 589 901 650 in
929 590 1135 673 va[c]oariis¹
1165 595 1198 653 et

54 686 315 770 her[e]mitoriis,
330 687 365 748 in
380 687 442 749 viis
466 691 498 749 et
521 686 653 762 semitis,
669 693 702 750 et
723 687 758 749 in
773 689 922 751 omnibus
944 689 1024 752 loeis
1046 695 1079 752 et
1093 690 1198 766 rebus,

55 807 135 849 cum
151 786 301 849 omnibus
316 785 520 848 libertatibus
535 791 568 850 et
583 785 836 867 quietationibus
852 807 926 850 cum
949 788 1066 870 quibus
1082 788 1198 851 melius

54 891 91 948 et
104 883 242 948 liberius
255 890 427 948 tenuerunt
443 885 641 967 temporibus
652 885 811 948 Willelmi
821 886 924 970 Regis,
935 887 1030 950 abavi
1045 889 1155 964 nostri,
1166 893 1200 950 et

54 983 221 1046 Willelmi
243 984 349 1066 Regis,
364 984 423 1046 filii
450 984 529 1065 ejus,
553 990 585 1046 et
612 984 747 1047 Henrici
773 986 878 1068 Regis,
900 987 1012 1068 proavi
1035 988 1146 1064 nostri,
1167 992 1200 1051 et

54 1082 194 1165 gloriosi
216 1082 353 1146 Henrici
376 1082 481 1166 Regis,
505 1082 606 1165 patris
628 1083 737 1146 nostri.
783 1083 960 1166 [Witaosses
981 1087 1047 1148 aad
1069 1087 1141 1149 dota
1163 1107 1199 1149 os

55 1182 289 1264 antestaret]

151 1422 246 1486 CXC.
271 1421 384 1486 Clara
399 1422 546 1485 Hnuaror
562 1421 665 1484 unam
680 1437 723 1483 nn
738 1421 952 1484 Vnulrrorn²
967 1438 1000 1484 m
1016 1439 1110 1486 narn.

537 1534 597 1616 [M.
618 1531 737 1616 162b.]³

105 1669 278 1745 Henricus,
301 1669 370 1733 Rex
393 1670 529 1754 Angliae,
552 1669 704 1732 Thomae¹
726 1669 896 1753 Archiep’o
921 1670 960 1733 de
977 1670 1151 1748 Eboracho,
1166 1677 1199 1734 et

59 1769 201 1834 Osberto
226 1768 427 1845 Vicecomiti,
450 1775 483 1833 et
512 1769 640 1852 Nigello
671 1769 710 1832 de
740 1767 877 1845 Albini,5
901 1774 933 1832 et
956 1768 1136 1833 Aschetillo
1158 1771 1198 1834 de

58 1867 219 1945 Bulmer,⁶
234 1874 267 1932 et
282 1889 364 1932 omn.
382 1869 561 1933 Beronibus
576 1874 609 1933 et
630 1869 787 1933 ministris
803 1869 879 1944 suis,
895 1874 928 1932 et
950 1888 1033 1933 omn.
1049 1869 1199 1933 fidelibus

60 1969 141 2043 suis,
170 1969 302 2032 Francis
328 1974 361 2032 et
386 1969 512 2052 Anglis,
538 1969 578 2033 de
608 1965 859 2045 Eborachasira,⁷
889 1968 1035 2032 salutem.
1081 1969 1198 2033 Sciatis

59 2069 150 2153 quod
173 2069 368 2146 Willelmus,
395 2070 505 2133 Abbas
532 2070 571 2132 de
597 2066 762 2151 Wy‘teby,8
788 2075 821 2131 et
847 2068 997 2132 monachi
1022 2068 1110 2132 illius
1136 2068 1200 2133 loci

59 2169 222 2234 dederunt
236 2169 337 2232 michi
351 2169 387 2232 in
401 2169 528 2232 forestis
544 2169 620 2244 suis,
636 2188 747 2231 omnes
763 2188 871 2231 cervos
887 2173 920 2232 et
941 2188 1050 2233 cerras
1073 2175 1106 2231 et
1126 2188 1199 2250 por-

59 2289 126 2345 cos,
141 2275 174 2332 et
190 2289 246 2352 ego
261 2268 334 2332 illos
356 2268 507 2332 forestari
528 2267 629 2331 michi
653 2272 685 2331 et
711 2266 786 2331 haer.
808 2266 896 2330 meis.
943 2266 1048 2343 Quare
1070 2267 1144 2331 volo
1166 2273 1200 2332 et

59 2369 216 2452 praecipio
242 2373 280 2430 ut
305 2368 417 2431 Abbas
440 2373 472 2430 et
495 2387 580 2430 mon.
604 2367 644 2430 de
658 2366 802 2450 Wyreby
817 2366 926 2430 omnia
939 2387 1070 2430 nemora
1085 2387 1144 2431 sua
1166 2373 1199 2430 et

59 2474 209 2552 pasturas
232 2488 306 2531 suas
328 2469 364 2530 in
386 2466 600 2551 perpetuum⁹
625 2473 757 2530 teneant
782 2466 829 2528 ita
854 2466 955 2530 libere
981 2474 1015 2530 et
1036 2467 1143 2550 quiete
1166 2474 1199 2530 et

60 2566 236 2631 honorifice
266 2571 303 2628 ut
332 2565 442 2628 nullus
472 2567 511 2629 de
521 2565 546 2602 ¹⁰
575 2565 732 2629 ministris
763 2566 842 2629 meis
871 2567 1069 2630 intromittat
1098 2567 1198 2630 sede

61 2665 248 2731 nemoribus
279 2672 311 2728 et
340 2667 480 2749 pasturis
511 2685 629 2740 eorum,
644 2685 703 2728 neo
718 2664 912 2728 disturbet11
927 2685 980 2728 eos
1002 2665 1104 2729 facere
1126 2685 1199 2748 pro-

61 2767 185 2830 ficuum
201 2786 296 2828 suum
308 2766 347 2828 de
364 2765 545 2828 nemoribus
561 2770 593 2827 et
608 2765 748 2847 pasturis
764 2784 880 2827 eorum.
937 2763 1084 2828 Concedo
1100 2764 1198 2828 etiam

61 2871 94 2930 et
117 2864 271 2928 confirmo
292 2864 388 2946 praed.
404 2864 555 2927 Ecclesiae
578 2863 608 2926 S.
627 2864 661 2926 P.
679 2870 712 2926 et
727 2864 757 2926 S.
774 2863 816 2925 H.
833 2862 873 2925 de
888 2862 1040 2945 Wyteby,
1055 2869 1088 2925 et
1113 2882 1198 2925 mon.

61 2964 141 3027 ibid.
156 2964 227 3025 Deo
243 2983 321 3026 serv.
338 2983 448 3026 omnes
463 2963 547 3039 t'ras,
562 2962 694 3024 forestas
710 2968 743 3024 et
756 2967 998 3043 pasturasquas
1014 2959 1199 3023 Willelmus

63 3064 104 3127 de
121 3063 213 3125 Perci
229 3068 261 3125 et
286 3062 410 3125 Alanus
433 3062 519 3124 filius
536 3062 614 3143 ejus,
629 3060 815 3123 fundatores
836 3059 926 3122 illius
948 3058 1199 3135 Abbariae,1²de-

112 3209 121 3240 ¹
141 3213 268 3262 roeeoriie.

112 3290 124 3324 ²
142 3293 284 3345 Attention
303 3294 326 3344 is
344 3294 435 3344 drawn
453 3297 481 3344 to
494 3293 548 3345 this
567 3291 749 3343 confirmation
761 3293 788 3342 in
801 3292 848 3343 the
861 3291 1050 3356 Introductory
1062 3291 1199 3358 Chapters,

62 3376 147 3425 latter
158 3381 226 3440 part.
263 3377 319 3426 The
338 3382 417 3442 grant
438 3393 467 3427 as
485 3376 553 3426 from
570 3376 618 3426 the
630 3376 752 3426 Convent
770 3381 798 3425 te
816 3376 863 3426 the
881 3375 954 3441 King
973 3375 995 3426 is
1008 3375 1131 3440 peculiam
1147 3375 1199 3426 and

62 3459 181 3509 without
197 3459 288 3525 laying
305 3476 358 3523 any
370 3464 452 3509 stress
470 3476 503 3508 on
522 3459 568 3508 the
589 3458 719 3523 “quare’'
737 3459 764 3508 in
784 3459 830 3509 the
848 3459 943 3508 formal
965 3463 980 3487 “
990 3459 1076 3520 Quare
1095 3458 1154 3509 volo
1172 3464 1200 3509 et

62 3541 210 3608 praecipio,''
223 3543 246 3592 it
257 3543 280 3593 is
292 3543 443 3607 impossible
455 3547 484 3594 to
497 3558 609 3607 suppose
620 3542 681 3592 that
694 3541 758 3592 such
772 3558 788 3591 a
799 3545 877 3608 grant
894 3541 931 3606 by
944 3542 990 3592 the
1002 3542 1094 3592 Abbot
1112 3547 1141 3593 to
1152 3542 1200 3592 the

63 3627 194 3678 Monarch
207 3642 261 3676 was
272 3626 348 3675 made
362 3625 475 3676 without
487 3642 558 3675 some
571 3624 667 3689 special
680 3625 775 3689 object

112 3707 123 3741 ³
141 3710 168 3758 A
179 3709 250 3759 third
266 3725 333 3773 copy
345 3709 373 3758 ol
385 3709 432 3758 the
444 3709 549 3758 charter
560 3708 583 3758 is
595 3712 696 3767 extant,
709 3707 737 3756 in
752 3712 768 3734 ‘⁶
777 3708 863 3759 Carta
876 3707 1008 3772 Antiquae,
1024 3707 1090 3758 Roll.
1105 3705 1201 3767 D.D.‚''

63 3793 153 3844 which
167 3792 222 3841 will
233 3791 267 3841 be
285 3793 438 3858 designated
450 3792 478 3841 in
490 3792 564 3842 these
577 3794 654 3841 netes
665 3790 702 3854 by
714 3790 761 3841 the
778 3791 859 3841 letter
872 3790 899 3842 O.
937 3791 1021 3840 There
1039 3806 1084 3839 are
1096 3789 1201 3840 various

64 3876 257 3941 discrepancies
269 3876 430 3937 observable,
440 3875 527 3925 which
539 3875 596 3924 will
609 3875 641 3925 be
654 3874 735 3925 noted
747 3874 775 3924 in
788 3873 871 3924 order.

101 3958 111 3990 ⁴
132 3960 160 4009 C.
174 3960 261 4009 Tome.
300 3959 415 4023 Archbp.
430 3959 543 4009 Thomas
556 3972 595 4020 11.‚
611 3958 769 4016 llus-1114,
782 3955 869 4005 which
881 3955 964 4005 limits
976 3953 1023 4004 the
1034 3952 1097 4003 date
1109 3952 1136 4002 ol
1147 3953 1201 4004 this

65 4043 171 4092 charter
183 4041 211 4090 in
224 4039 310 4091 either
322 4040 457 4091 direction.

113 4123 124 4156 ὗ
144 4126 171 4175 Ο.
186 4124 299 4189 Albeny.
549 4121 604 4174 ⁶0.
619 4121 747 4172 Bulemer.
915 4117 926 4153 ¹
945 4119 982 4168 M.
1003 4117 1200 4182 Eboraciseyra.

113 4207 124 4239 ⁸
144 4210 172 4259 C.
188 4208 297 4267 witebi,
313 4208 364 4257 and
380 4207 513 4257 wherever
525 4205 570 4256 the
583 4223 659 4256 name
672 4221 770 4255 occurs.

114 4291 125 4324 ⁹
144 4293 173 4343 Ο.
184 4292 282 4341 inserts
296 4297 311 4318 “
320 4291 436 4341 habeant
448 4295 475 4340 et
485 4289 498 4311 ’³
512 4289 601 4339 before
614 4284 770 4338 “teneant'’

103 4376 124 4408 ¹⁰
143 4377 176 4426 A.
190 4379 293 4439 repeats
308 4373 382 4423 “et’'
536 4371 555 4405 ¹¹
574 4372 701 4423 disturbet.
897 4365 920 4401 ¹¹
939 4368 966 4419 Ο.
983 4367 1106 4418 Abbacie.
