2866 5002
306 522 346 580 30
487 529 758 583 CARTULARIUM
776 529 983 581 ABBATHIAE
1001 530 1049 582 DE
1066 531 1256 583 WHITEBY.

304 697 412 759 omnia
427 716 566 772 nemora,
581 716 655 758 eum
671 695 763 778 aquis
779 701 812 759 ei
827 696 949 778 stagnis
972 695 1013 759 ad
1035 695 1131 778 praed.
1148 694 1235 759 Eool.
1259 696 1300 760 de
1315 695 1407 758 Whit

302 796 546 880 pertinentibus.
592 796 672 858 Haeo
688 802 786 877 atque
808 795 916 857 omnia
931 794 1078 858 dedimus
1099 814 1157 878 ego
1179 800 1212 859 et
1233 802 1329 878 pater
1343 813 1429 857 meus

302 901 336 959 et
350 917 429 959 avus
444 915 543 972 meus,
558 899 592 958 ef
616 900 765 977 parentes
780 894 852 971 mei,
868 900 901 958 et
927 914 984 977 ego
1007 915 1045 958 ea
1067 896 1218 973 concessi,
1234 902 1269 959 et
1291 899 1432 978 praesenti

191 1037 193 1042 ·
302 1001 390 1059 cama
412 994 606 1070 confirmavi,
622 994 692 1057 Deo
715 998 748 1057 et
770 993 800 1057 S.
824 994 919 1056 Petro
942 997 975 1056 et
995 995 1026 1058 S.
1051 994 1161 1058 Hildae
1183 995 1223 1059 de
1247 995 1392 1077 Whilby,
1406 998 1429 1056 el

302 1094 467 1158 monachis
489 1093 565 1156 ibid.
581 1092 659 1157 Deo.
685 1113 774 1169 serv„
793 1093 828 1154 in
849 1092 938 1156 elem.
954 1113 1051 1176 perp,
1067 1093 1114 1158 ita
1136 1092 1246 1171 libere,
1271 1094 1425 1178 quietem

300 1194 404 1258 solute
421 1215 461 1257 ex
477 1193 565 1256 omni
588 1192 753 1256 exaefione
776 1199 809 1257 ei
832 1193 1065 1256 consuetudine
1080 1193 1235 1270 saeculari,
1252 1194 1341 1277 quod
1354 1190 1423 1255 nihil

300 1294 431 1356 omnino
447 1292 511 1355 nisi
526 1290 675 1354 Abbatiae
690 1291 908 1355 defensionem
929 1292 1031 1356 michi
1051 1293 1179 1357 retinui.
1224 1293 1294 1377 Ego
1309 1313 1381 1357 vero
1400 1295 1423 1354 el

299 1391 374 1455 haer.
411 1392 477 1454 mei
511 1389 689 1454 Abbatiam
726 1390 766 1454 de
794 1391 934 1474 Whitby
963 1396 996 1454 et
1032 1395 1134 1456 totam
1170 1393 1421 1476 praenominatam

300 1489 507 1553 elemosinam
536 1510 642 1553 meam
672 1489 880 1553 defendemus
910 1494 944 1553 et
980 1489 1241 1573 adquietabimus
1279 1492 1320 1555 ab
1348 1488 1420 1554 omni

299 1591 447 1672 equitatu
462 1594 495 1652 eb
506 1588 623 1652 forensi
640 1588 771 1651 servitio
786 1592 819 1652 et
832 1588 1064 1652 consuetudine
1079 1589 1225 1652 saeeulari
1240 1591 1277 1653 in
1288 1590 1419 1654 omnibus

297 1690 401 1752 rebus.
448 1688 509 1751 Hii
528 1693 605 1751 sunt
626 1692 733 1751 testes.
779 1687 971 1763 Gilebertus,
993 1688 1081 1752 filius
1107 1688 1261 1753 Fuleonis
1281 1686 1418 1772 Dapiferi.

298 1788 469 1867 Emaldus,
483 1787 646 1851 Presbifer
661 1786 700 1850 de
722 1787 911 1851 Tateoaslre.
956 1787 1123 1866 Rubenius,
1145 1788 1234 1852 filius
1257 1789 1369 1853 Piehot
1387 1785 1416 1847 de

299 1888 397 1951 Perei.
442 1886 641 1962 Baldwinus,
656 1885 743 1948 filius
765 1885 931 1969 Radulphi
953 1886 994 1950 de
1018 1886 1139 1950 Irtuna.
1185 1887 1368 1951 Willelmus
1386 1883 1415 1946 de

299 1986 555 2071 Hauohesgerde.
600 1983 802 2067 sesulphus,
829 1986 993 2050 Presbiler
1014 1986 1055 2050 de
1080 1985 1228 2070 Whitby.
1275 1987 1414 2050 Roberfus

299 2087 410 2163 Cocus,
426 2093 458 2150 el
472 2085 635 2149 Walterus
650 2085 737 2148 filius
752 2085 830 2167 ejus.
874 2084 991 2163 Adam,
1006 2085 1202 2170 Praeposilus
1226 2084 1266 2150 de
1287 2085 1412 2165 Whilby.

298 2185 453 2248 Rioherus
468 2185 555 2247 filius
570 2184 714 2261 Blacher,
729 2189 762 2248 et
776 2185 952 2249 Gaufridus
968 2185 1055 2250 filius
1070 2186 1140 2270 ejus
1153 2209 1161 2266 ;
1184 2190 1217 2249 et
1232 2185 1329 2248 mulli
1342 2179 1405 2248 alii¹

332 2319 342 2353 ¹
359 2322 489 2372 Oharlfon
500 2322 549 2372 has
561 2321 638 2372 made
650 2321 752 2372 several
763 2321 892 2372 mistakes
903 2322 932 2372 in
944 2322 1053 2390 reading
1071 2323 1119 2374 the
1130 2339 1222 2374 names
1240 2323 1270 2375 ol
1287 2323 1358 2374 these
1367 2318 1411 2370 wie

297 2421 392 2468 nesses,
406 2422 435 2455 as
446 2405 503 2456 will
515 2421 612 2470 appear
629 2405 657 2454 in
675 2405 770 2472 noting
787 2404 830 2455 hls
849 2409 867 2434 “
876 2405 985 2470 Ernald
999 2407 1087 2458 Priest
1105 2407 1133 2458 of
1150 2406 1307 2458 Tendsore''
1328 2401 1410 2469 (which,

296 2492 324 2541 in
337 2507 352 2540 a
364 2492 434 2552 note,
448 2488 482 2539 he
494 2506 563 2554 says,
579 2489 625 2539 “is
637 2492 709 2539 most
726 2488 857 2555 probably
875 2489 1053 2554 Stainseore’')
1075 2489 1144 2542 wish
1164 2490 1212 2541 the
1233 2493 1295 2541 true
1315 2486 1409 2548 reading,

295 2573 349 2622 and
373 2572 448 2639 again
473 2573 502 2622 in
523 2571 566 2622 his
585 2572 704 2622 “Daniel
716 2591 724 2634 ;
749 2571 878 2623 Dewine''
898 2572 940 2623 for
962 2572 1133 2635 Baldewine;
1161 2572 1308 2633 “Richard
1333 2587 1373 2622 son
1390 2563 1410 2615 ol

295 2655 431 2718 Blacher‚’'
442 2656 484 2706 for
496 2655 600 2719 Rioher‚
614 2672 662 2706 son
680 2659 729 2706 etc.
742 2674 750 2717 ς
768 2657 821 2707 and
834 2661 850 2684 “
858 2655 997 2718 Ranfrid,''
1008 2656 1052 2708 for
1063 2656 1178 2708 Gaufrid
1189 2673 1219 2707 or
1233 2655 1359 2720 Geoffrey.

330 2738 437 2789 Several
449 2740 477 2791 of
486 2739 532 2790 the
544 2738 676 2790 aforesaid
686 2739 823 2790 witnesses
836 2739 948 2790 number
961 2755 1056 2807 among
1074 2740 1122 2790 the
1141 2743 1159 2768 “
1167 2738 1316 2800 homines‚'’
1328 2754 1355 2787 or
1364 2731 1409 2784 sub·

293 2822 455 2873 feudatories
468 2823 495 2874 of
513 2823 634 2873 William
646 2822 680 2873 de
691 2823 783 2888 Perey,
796 2822 843 2873 the
855 2827 964 2890 mentor
975 2822 1004 2874 of
1020 2823 1076 2874 this
1088 2823 1202 2887 charter,
1216 2839 1245 2875 as
1257 2823 1313 2874 will
1323 2821 1354 2872 be
1363 2829 1410 2869 seen

294 2907 363 2957 from
372 2905 420 2957 the
432 2905 567 2972 following
578 2908 682 2955 extract
691 2924 736 2954 :-

329 2989 412 3041 Bure
423 2989 495 3040 Book
507 2991 538 3052 <ff
546 2990 585 3040 the
597 2988 749 3053 malaque,
762 3005 788 3054 p.
804 2991 845 3041 60.

329 3073 385 3122 Μ
395 3072 467 3124 Book
480 3073 513 3135 of
521 3071 728 3135 chodorlaomor,
741 3087 767 3136 p.
784 3073 842 3123 119.
879 3072 966 3134 Ebur„
979 3088 1005 3137 p.
1020 3074 1063 3124 60.

328 3157 409 3207 Caria
420 3155 548 3206 Willelmi
560 3155 593 3205 de
604 3154 687 3205 Perei

328 3239 444 3289 Henrioo
457 3239 524 3306 Regi
536 3237 709 3302 serenissimo,
722 3237 792 3289 D’no
804 3255 870 3300 meo,
886 3238 1036 3290 willelmus
1048 3239 1083 3290 de
1094 3238 1169 3290 Porci
1181 3239 1294 3290 salutem
1307 3243 1334 3290 et
1345 3230 1411 3288 fideli-

293 3326 385 3373 tatem.
423 3323 474 3372 Isti
492 3326 556 3372 sunt
567 3322 666 3372 milites
684 3321 731 3388 qui
750 3321 879 3373 infeodati
898 3326 963 3373 sunt
981 3322 1015 3373 de
1036 3339 1095 3372 meo
1115 3322 1201 3384 feodo,
1217 3327 1274 3374 tam
1292 3322 1325 3372 de
1336 3323 1408 3371 vetere

295 3421 375 3470 quam
387 3406 420 3455 de
432 3421 509 3455 novo.

126 3497 208 3557 Temp,
217 3497 249 3546 H,
258 3497 279 3543 1,
365 3487 620 3552 RobertusDapifer
747 3488 779 3538 de
1169 3488 1206 3541 iii.
1220 3489 1354 3540 militibus.

364 3570 685 3621 RoberfusfiliusPichot
771 3609 776 3622 .
852 3610 857 3621 .
931 3611 937 3622 .
1010 3612 1016 3622 .
1090 3610 1096 3622 .
1181 3609 1199 3633 ‚,
1273 3609 1280 3635 ,

363 3652 684 3704 WillelmusleVavasur
768 3693 773 3704 .
848 3694 853 3704 .
928 3695 933 3704 .
1007 3694 1011 3704 .
1086 3694 1092 3706 .

363 3737 436 3786 Will.
450 3735 493 3787 fil’.
508 3736 629 3802 Hugonis

362 3820 435 3870 Will.
449 3820 482 3870 de
494 3821 572 3870 Nova
583 3820 657 3870 Villa
769 3859 774 3869 .
849 3862 853 3870 .
927 3861 932 3871 .
1008 3861 1013 3871 .
1087 3861 1092 3871 .

364 3904 516 3955 Gilebertus
529 3903 670 3954 deArehis
769 3944 773 3953 .
849 3943 853 3953 .
929 3945 933 3954 .
1007 3944 1012 3954 .
1087 3945 1092 3954 .
1178 3944 1196 3967 „
1270 3945 1276 3968 ‚

363 3987 520 4052 Radulphus
532 3988 565 4036 de
577 3986 774 4037 Mandavile.
849 4026 854 4039 ‚
929 4027 933 4036 .
1008 4026 1013 4037 .
1091 4027 1095 4038 .
1181 4027 1188 4050 ‚
1273 4028 1289 4051 „

363 4071 499 4123 Gallridus
511 4070 544 4119 de
558 4068 674 4120 Valoniis
770 4111 774 4118 .
849 4110 854 4119 .
928 4108 933 4120 .
1011 4113 1014 4121 .
1091 4110 1095 4119 .

363 4159 477 4208 Thomas
489 4155 604 4206 Daiville

362 4241 482 4291 William
494 4237 615 4288 Arundel

363 4322 542 4390 HugoFoliot
610 4358 1288 4387 ...........

363 4407 495 4456 Roberlus
507 4405 542 4454 fil.
557 4403 668 4454 Roberti
690 4443 1286 4469 .........

364 4489 495 4538 Robertus
504 4488 537 4537 de
550 4485 637 4536 Hallei
690 4525 1288 4551 ..........
