2866 5002
324 538 600 593 CARTULARIUM
619 509 823 590 ¹ABBA'I'HIAE
841 539 891 590 DE
908 539 1094 591 WHITEBY.
1243 529 1280 586 13

143 717 262 802 magnis
282 717 439 780 maneriis
462 715 530 780 suis
554 716 661 798 questi
681 717 813 780 fuerunt
834 716 922 799 quod
944 716 1164 780 commodum1
1187 737 1282 780 suum

144 818 240 882 iacere
255 839 325 882 non
340 822 519 899 potuerunt
534 815 574 880 dc
595 815 723 880 residuo
745 816 960 880 maneriorum
983 836 1122 893 suorum,
1137 816 1222 880 sicut
1244 816 1284 881 de

146 917 257 995 vastis,
278 917 397 993 boscis,
420 921 453 980 et
475 915 615 999 pasturis
638 915 677 979 de
700 914 802 979 sicut2
823 915 888 998 ipsi
909 914 1049 979 feoffati³
1071 915 1283 980 sufficientem

147 1015 256 1081 babere
272 1020 408 1099 possent
423 1012 611 1098 pasturam*
623 1020 783 1096 quantum
798 1015 940 1098 pertinet
954 1014 996 1078 ad
1010 1020 1197 1079 tenementa
1207 1036 1282 1095 sua3

149 1115 189 1179 ita
201 1115 371 1199 provisum
387 1119 437 1178 est
460 1120 492 1177 et
515 1134 701 1177 concessum
716 1113 810 1196 quod,
828 1134 902 1177 cum
927 1113 1118 1197 hujusmodi
1142 1113 1284 1179 feoffati⁵

102 1242 105 1353 q
150 1212 444 1298 aquibuscunquc⁶
458 1214 592 1277 assisam
607 1233 699 1277 novae
714 1213 891 1277 disseisinae
902 1214 1046 1277 deferant
1062 1213 1101 1279 de
1113 1235 1285 1278 communa

102 1358 104 1387 ,
149 1320 281 1397 pastnrae
295 1312 426 1397 [suae]
400 1332 429 1375 sr
438 1332 543 1375 coram
549 1312 736 1394 justiciariis
749 1310 968 1396 cognoverint?
977 1313 1064 1396 quod
1073 1313 1284 1377 sufficientem

102 1420 212 1497 past
213 1434 309 1478 uram
334 1411 507 1475 habuerint
493 1416 632 1494 quant
633 1432 689 1475 nm
718 1413 858 1495 pertinet
883 1412 925 1475 ad
948 1417 1132 1477 tenementa
1158 1434 1225 1490 sua,
1251 1418 1284 1476 et

149 1511 638 1598 [quod]habeantingrcssumet
649 1532 813 1595 egressum
824 1512 901 1594 [det
902 1532 1035 1576 enemen
1037 1513 1093 1596 tis]
1106 1513 1284 1595 suisusque

149 1615 184 1677 ad
206 1618 380 1697 pasturam
405 1631 506 1687 suam,
521 1617 599 1674 tunc
625 1610 701 1674 inde
728 1611 795 1674 sint
817 1612 970 1688 contenti,
986 1618 1019 1675 ct
1040 1611 1090 1674 illi
1112 1612 1284 1694 dequibus
1306 1642 1307 1646 ¹

149 1711 346 1797 [con]questi
374 1709 513 1774 fuerint8
535 1710 638 1793 quieti
664 1712 815 1774 recedant
841 1711 881 1774 de
905 1709 985 1774 hoc⁹
1008 1710 1094 1793 quod
1116 1711 1156 1774 de
1182 1711 1284 1786 terris,

148 1813 264 1889 vastis,
295 1810 410 1886 boscis,
440 1814 473 1873 et
501 1811 642 1892 pasturis
672 1808 906 1874 commodum¹⁰
934 1830 1029 1874 snum
1055 1809 1196 1873 fecerint.
1250 1809 1286 1873 Si

147 1918 256 1975 autem
271 1909 413 1973 dixerint
439 1909 525 1991 quod
547 1908 759 1973 sufficientem
781 1917 946 1992 pasturam
960 1929 1026 1972 non
1039 1908 1219 1985 habuerint,
1233 1908 1287 1972 vel

148 2010 361 2075 sufficientem
375 2009 556 2091 ingressum
571 2013 604 2071 et
618 2029 791 2092 egressum,
807 2014 966 2091 quantum
980 2009 1120 2091 pertinet
1135 2007 1175 2072 ad
1196 2014 1284 2071 tenc·

148 2114 259 2174 menta
273 2128 333 2171 sua
346 2112 426 2170 tunc
445 2106 628 2189 inquiratur
649 2107 768 2170 veritas
795 2105 900 2171 inde11
923 2128 980 2190 per
1001 2107 1143 2171 assisam.
1188 2107 1231 2169 Et
1248 2107 1285 2169 si

146 2231 202 2294 per
217 2209 354 2272 assisam
367 2207 567 2289 recognitum
589 2207 687 2270 fucrit
708 2206 796 2289 quod
817 2227 874 2290 per
896 2207 1024 2271 eosdem
1045 2206 1284 2293 in(1b)a1iqu0

147 2309 246 2374 fuerit
267 2306 444 2390 impeditus
467 2325 576 2369 eorum
603 2327 746 2390 egressus
768 2306 821 2370 vel
844 2307 1014 2390 ingressus,
1036 2307 1090 2372 vel
1112 2307 1198 2390 quod
1220 2327 1285 2370 non

147 2409 290 2473 habeant
309 2405 521 2469 sufficientem
546 2412 713 2487 pasturam
743 2411 774 2469 et
804 2405 1015 2470 sufficientem
1044 2407 1223 2491 ingressum
1252 2412 1285 2470 et

147 2526 312 2592 egressum
337 2504 422 2567 sicut
443 2503 632 2586 praedictum
658 2510 716 2580 est,
730 2509 809 2568 tunc
825 2511 1012 2588 recuperent
1026 2506 1177 2570 saisinam
1193 2528 1284 2572 suam

146 2627 204 2691 per
233 2605 342 2669 visum
368 2604 549 2686 juratorum
561 2627 569 2682 ;
601 2604 649 2668 ita
675 2603 762 2686 quod
791 2625 848 2687 per
874 2603 1098 2670 discretionem
1123 2613 1157 2670 et
1182 2627 1284 2671 sacra-

147 2711 296 2771 mentum
315 2702 527 2787 juratorum¹²
552 2703 693 2768 habeant
719 2710 949 2786 conquerentes
976 2705 1187 2770 sufficientem
1213 2728 1285 2790 pas-

146 2813 264 2882 turam,
287 2810 319 2868 ct
341 2804 522 2887 ingressum
543 2809 577 2868 et
599 2824 761 2888 egressum
784 2804 1004 2882 sufficientem,
1026 2806 1061 2868 in
1083 2806 1185 2869 forma
1205 2827 1285 2889 prae-

147 2908 254 2984 dicta;
286 2911 319 2968 et
340 2903 571 2968 dissaisiatores
595 2905 689 2988 [sint]
712 2904 747 2967 in
770 2905 985 2969 misericordia
1009 2906 1099 2990 [D’ni
1120 2904 1230 2988 Regis]
1254 2910 1286 2967 et

147 3006 291 3088 dampna
300 3002 435 3066 reddant
447 3003 532 3066 sicut
540 3002 676 3068 solent¹³
686 3010 760 3068 ante
769 3005 986 3088 provisionem
996 3005 1101 3067 istam.
1133 3004 1167 3067 Si
1177 3009 1285 3066 autem

147 3103 351 3187 recognitum
379 3102 476 3165 fuerit
505 3123 562 3185 per
592 3103 726 3166 assisam
756 3103 843 3186 quod
865 3101 1125 3186 conquerentes¹⁴
1146 3100 1285 3164 habeant

148 3202 363 3267 sufficientem
392 3206 564 3283 pasturam,
589 3222 663 3264 cum
688 3201 789 3265 libero
817 3202 962 3285 ingressu
988 3205 1020 3264 et
1047 3219 1173 3282 egressu
1202 3199 1287 3263 sicut

148 3301 341 3386 praedictum
364 3305 421 3376 est,
443 3306 521 3364 tunc
544 3300 633 3364 licite
655 3301 775 3364 faciant
799 3300 856 3363 alii
876 3299 1106 3383 com[m]odum
1129 3320 1224 3363 suum
1247 3300 1286 3364 dc

149 3400 288 3475 residuo,
303 3405 335 3462 et
350 3399 499 3463 recedant
514 3399 554 3463 dc
577 3399 678 3463 assisa
699 3399 757 3463 illa
779 3399 890 3482 quieti,
906 3405 938 3462 et
965 3405 1196 3480 conquerentes
1220 3399 1288 3462 sint

149 3501 185 3562 in
201 3496 454 3563 misericordia.¹⁵

186 3612 195 3644 ¹
215 3612 375 3676 quornodum
542 3608 553 3642 2
575 3617 591 3639 u
602 3610 705 3677 quum”
718 3612 745 3662 in
759 3611 807 3662 the
819 3611 886 3663 Stat.
1063 3608 1074 3643 ³
1085 3612 1214 3678 feopboti.

185 3693 196 3727 ⁴
216 3698 234 3723 ‘⁶
243 3694 360 3744 babeant
373 3693 547 3744 sufficientem
559 3699 695 3759 pasturam
702 3695 716 3719 '³
729 3695 756 3744 in
770 3695 837 3746 Stat.

185 3775 197 3809 ⁵
207 3777 337 3840 seophoti.
375 3776 431 3826 The
445 3775 532 3826 clause
542 3778 570 3826 in
582 3776 629 3828 the
641 3778 708 3828 Stat.
723 3777 745 3828 is
760 3777 934 3843 “quicunqne
947 3775 1101 3842 hujusmodi
1114 3779 1239 3830 feodatis

185 3858 197 3892 ⁶
216 3860 337 3910 Omitted
349 3860 377 3909 in
389 3860 436 3910 the
449 3860 564 3912 Statnte.

185 3943 197 3977 ⁷
216 3944 289 3993 Here
302 3944 348 3994 the
361 3943 499 3994 versionis
511 3961 582 3994 more
593 3944 649 3994 like
661 3944 723 3994 that
735 3943 763 3993 in
776 3943 899 4005 Bracton,
913 3942 958 3993 lib.
973 3943 1007 3996 iv.
1022 3961 1043 3995 c.
1059 3947 1092 3997 38
1103 3944 1148 3995 iol.
1164 3945 1226 4004 227,
1241 3945 1291 3993 but

150 4027 267 4093 varying
279 4026 346 4076 from
358 4027 381 4076 it
392 4026 420 4076 in
433 4043 514 4092 many
528 4027 614 4077 minor
627 4026 785 4091 particulars
798 4026 827 4076 oi
837 4026 1018 4092 phraseology.
1058 4027 1091 4075 In
1103 4026 1149 4077 the
1162 4026 1229 4075 Stat.
1243 4025 1291 4074 tho

150 4127 263 4176 passage
276 4126 347 4171 runs,
363 4113 379 4137 “
389 4114 416 4160 ct
430 4126 517 4159 coram
536 4109 651 4172 justiciis
664 4109 828 4175 recognitum
845 4109 927 4159 inerit
945 4109 1017 4174 quod
1029 4112 1133 4159 tantam
1155 4111 1291 4172 pasturam

150 4195 272 4246 habeant
285 4196 415 4258 quantum
428 4192 524 4242 sufficit
537 4191 572 4241 ad
583 4195 737 4242 tenementa
748 4191 820 4242 sua'’

188 4277 199 4310 ⁸
210 4278 332 4340 fuerant.
529 4271 540 4305 ⁹
561 4279 576 4302 ‘⁶
584 4275 618 4325 (10
631 4292 662 4325 eo
671 4274 686 4298 ’‘
699 4274 726 4324 in
739 4277 806 4327 Stat.
1018 4269 1040 4305 ¹⁰
1058 4273 1219 4337 quamodrem.

187 4361 209 4395 ¹²
230 4359 352 4410 Omitted
364 4358 392 4407 in
406 4357 474 4408 Stat.

187 4441 211 4477 ¹²
232 4447 248 4471 “
259 4440 374 4492 eorum'’
388 4441 416 4491 in
429 4439 496 4491 Stat.
723 4461 725 4465 ·
824 4438 846 4473 ¹³
865 4438 963 4489 “reddi
978 4437 1101 4489 dcbent’'
1113 4439 1140 4490 in
1153 4440 1220 4493 Stat.

187 4525 209 4560 ¹⁴
231 4529 247 4555 “
257 4528 401 4592 querentes
410 4522 425 4546 ’³
439 4523 467 4573 iu
482 4523 550 4576 Stat.

189 4610 211 4645 ¹⁶
229 4610 287 4660 The
299 4609 353 4659 last
364 4606 452 4658 clause
464 4606 488 4657 is
501 4612 548 4659 not
561 4607 679 4658 inserted
691 4606 718 4657 in
732 4607 779 4681 tbe
792 4606 859 4657 Stat.
