2866 5002
264 531 302 589 92
448 541 719 594 OARTULARIUM
738 540 940 591 ABBATHIAE
960 541 1007 591 DE
1024 539 1216 592 WHITEBY.

261 706 411 788 Wyteby'.
457 707 524 788 Ego
548 712 665 781 autem,
684 705 839 768 Ricardus
863 705 950 768 filius
972 705 1139 789 Αῐιςηοῖὶ,1
1163 706 1249 769 hanc
1274 704 1392 769 eandem

262 805 361 880 elem,
377 825 474 887 quam
490 805 567 868 fecit
582 805 680 867 frater
701 825 792 867 meus
809 804 1002 881 Willelmus,
1017 811 1049 868 et
1065 805 1208 882 Beatrix‚
1224 825 1307 868 uxor
1327 806 1391 886 ejus,

261 925 351 985 praes,
389 924 414 967 o.
452 925 532 980 mea,
562 924 618 987 pro
649 924 675 968 a.
706 924 785 980 mea,
816 903 1001 967 confirmavi
1031 910 1064 967 et
1095 905 1242 968 concessi
1272 905 1388 966 Decet

261 1003 458 1066 Monasterio
473 1003 513 1066 de
527 1002 678 1085 Wy‘teby.
725 1003 799 1066 Hiis
820 1002 967 1067 testibus.
1014 1002 1180 1067 Willelmo
1196 1004 1237 1066 de
1253 1000 1387 1067 Kertun.2

263 1101 402 1165 Roberto
425 1101 520 1165 fratre
543 1102 619 1183 ejus
665 1102 787 1184 Rogero
810 1102 849 1165 de
873 1100 1110 1184 Houkesgard.³
1155 1102 1262 1165 Adam
1287 1107 1384 1183 nepote

264 1201 342 1280 ejus,
358 1206 391 1262 et
406 1198 487 1263 aliis.
1257 1198 1260 1202 ’

352 1411 456 1477 CVII.
480 1413 532 1475 Dr
547 1427 654 1476 ranan
669 1429 705 1475 ru
722 1411 951 1490 Seianianos,
974 1429 1068 1486 ounu
1083 1413 1258 1478 chnaovs
1274 1430 1313 1476 nu

669 1525 870 1587 Fonvaroun
884 1541 996 1588 ruuar.

94 1723 170 1783 John,
308 1688 401 1750 Omn.
419 1687 542 1751 Christi
563 1686 713 1750 fidelibus
735 1686 794 1750 has
816 1686 941 1751 litteras
964 1687 1021 1751 vis.
1037 1687 1098 1751 vel.
1115 1687 1198 1768 aud,
1215 1690 1238 1754 J
1240 1685 1387 1764 ohannes*

95 1781 217 1902 ψὲἶζῖ
263 1787 303 1848 D.
320 1787 367 1863 G.,
384 1787 494 1850 Abbas
517 1785 556 1849 de
574 1785 727 1868 Wyteby,
743 1791 775 1849 et
798 1785 943 1868 ejusdem
965 1786 1028 1850 loci
1051 1787 1250 1865 Conventus,
1266 1788 1389 1851 salutem

96 1902 173 1948 usses
183 1905 210 1947 to
263 1886 299 1947 in
320 1886 412 1948 D’n0.
458 1884 623 1948 Noveritis
648 1905 706 1948 nos
730 1884 797 1947 ded.
822 1890 855 1947 et
876 1904 973 1962 oona,
996 1891 1029 1948 et
1050 1884 1118 1948 hac.
1143 1906 1169 1948 c.
1190 1891 1298 1949 nostra
1320 1885 1389 1948 conf.

95 1959 241 2066 mna
264 1984 400 2047 Ricardo
425 1984 464 2047 de
490 1983 672 2046 Folkotuna
694 1984 786 2046 t'ram
809 1990 950 2047 nostram
974 1984 1011 2046 in
1025 1983 1104 2047 villa
1127 1983 1167 2048 de
1191 1985 1390 2067 Scartheburg

95 2079 191 2184 ἓξὲξ-ὴ
264 2084 348 2147 ultra
371 2089 545 2167 stangnum
558 2082 709 2157 :-illam,
725 2082 802 2160 scil,
825 2103 897 2165 quae
921 2083 1009 2165 jacet
1033 2083 1119 2146 inter
1142 2083 1238 2148 t'ram
1261 2085 1392 2169 ejusdem

95 2195 205 2266 borougu
264 2182 392 2246 Ricardi
415 2187 448 2245 et
470 2183 562 2245 t’ram
584 2202 656 2264 quae
672 2181 735 2244 fuit
751 2181 917 2244 Grimkilli
931 2182 1155 2246 :-teuendam
1172 2190 1205 2246 ot
1220 2184 1291 2247 hab.
1307 2184 1353 2246 illi
1366 2188 1393 2245 et

95 2255 226 2361 pgrtohffigmg
264 2282 337 2344 haer.
369 2282 446 2358 suia,
476 2281 516 2345 de
543 2281 644 2356 nobis,
671 2281 706 2343 in
735 2280 828 2344 feodo
859 2287 892 2344 et
917 2281 1114 2358 haereditate,
1137 2281 1193 2346 lib.
1224 2289 1259 2346 et
1287 2283 1393 2366 quiete,

95 2374 214 2492 ᾓξξθξθ,
264 2382 425 2446 reddendo
441 2382 517 2445 inde
532 2381 700 2444 annuatim
716 2380 809 2444 nobis
824 2380 934 2444 decem
949 2380 1068 2444 solidos
1084 2402 1141 2463 pro
1162 2384 1253 2445 omni
1268 2404 1344 2447 serv.
1360 2381 1393 2444 ad

96 2447 164 2551 yond
172 2492 214 2538 tue
265 2502 323 2544 nos
338 2481 529 2564 pertinente,
541 2479 623 2543 med.
637 2484 670 2542 at
686 2481 776 2542 Pent.
788 2485 820 2542 et
835 2478 968 2543 medad
983 2480 1003 2543 f.
1015 2480 1045 2543 S.
1056 2480 1203 2557 Martini,
1214 2487 1249 2544 et
1259 2481 1393 2546 faciendo

98 2551 227 2656 511ὲῖῗὲ
266 2581 396 2644 servitia
430 2579 553 2643 domini
587 2579 691 2663 Regis.
752 2578 795 2641 Et
819 2578 848 2642 si
869 2578 952 2641 forte
977 2579 1072 2662 praed.
1096 2579 1257 2645 Ricardus
1281 2582 1395 2643 firmam

97 2670 253 2774 illidiion-
266 2679 362 2762 praed.
393 2677 507 2741 nuntio
537 2682 655 2754 nostro,
685 2698 782 2761 quem
820 2676 860 2741 ad
896 2677 992 2760 praed.
1023 2678 1147 2741 firmam
1185 2680 1396 2764 recipiendam

97 2791 215 2846 payment
228 2788 256 2834 of
267 2778 542 2854 destinaverimus,
558 2777 703 2840 terminis
720 2778 851 2840 statutis
874 2797 939 2840 non
962 2777 1160 2860 persolverit,
1175 2779 1245 2863 ipse
1268 2780 1397 2844 eundem

97 2847 229 2952 arza-when
268 2878 420 2940 nuntium
449 2882 595 2940 nostrum
624 2875 659 2938 in
689 2875 783 2940 domo
814 2897 880 2953 sua,
912 2875 1096 2960 sumptibus
1126 2879 1203 2955 suis,
1233 2880 1398 2943 honorifice

268 2977 428 3052 retinebit,
445 2975 546 3039 donec
569 2974 672 3039 eidem
698 2974 792 3058 plene
816 2975 909 3058 praed.
925 2975 1051 3039 firmam
1065 2974 1265 3059 persolverit.
1311 2978 1398 3041 Teste

270 3075 420 3159 Capitulo
436 3081 552 3138 nostro.

299 3263 423 3327 CVIII.
450 3262 630 3326 Uoraunus
646 3262 830 3326 Gosrnrarc
845 3278 890 3325 nu
904 3279 937 3326 11.
955 3263 1142 3327 Gunucsrrs
1157 3279 1195 3327 ru
1208 3265 1374 3330 Osvrous.

749 3373 809 3460 [M.
828 3373 926 3460 leot]

313 3526 471 3589 Noverint
501 3545 611 3589 omnes
641 3525 760 3601 fideles
790 3532 857 3589 tam
887 3526 946 3589 fut.
977 3546 1075 3609 quam
1100 3547 1201 3609 praes,
1225 3530 1313 3611 quod
1342 3549 1403 3612 ogo,

304 3651 314 3684 ¹
333 3653 370 3703 M.
385 3651 490 3718 Agnoti.
828 3648 839 3682 ²
856 3651 893 3702 M.
908 3652 1048 3714 Kertona3
1066 3652 1094 3702 in
1106 3652 1155 3704 No.
1171 3655 1233 3716 347,
1247 3654 1369 3705 Kartum.

304 3735 315 3769 ³
333 3737 370 3786 M.
384 3736 456 3801 gives
477 3751 511 3784 no
529 3734 605 3784 other
623 3735 760 3785 witnesses
772 3735 841 3784 from
859 3734 914 3785 this
931 3735 1013 3800 point
1051 3734 1101 3787 No.
1115 3735 1167 3791 347
1180 3737 1256 3803 gives
1268 3739 1330 3789 Ada
1341 3737 1403 3804 Nep*

268 3820 335 3884 ejus,
350 3819 403 3868 ond
424 3818 490 3868 adds
502 3817 567 3867 Tho.
581 3816 679 3880 Presb.‚
693 3817 753 3867 Ada
771 3817 872 3879 Presb,
886 3817 968 3870 Walt.
983 3817 1061 3879 Olen,
1076 3818 1167 3869 Gaufr.
1181 3819 1216 3870 de
1234 3820 1326 3883 Boseo,
1340 3822 1403 3871 Rob.

268 3904 346 3963 Coeo,
372 3901 480 3951 Andros
505 3901 693 3961 Parmentari0‚
721 3901 808 3966 Trigo,
835 3900 913 3952 Alan„
936 3900 1108 3964 cementario,
1134 3900 1206 3969 Hug.
1232 3903 1311 3968 Olea,
1336 3904 1404 3955 Will¹

268 3986 301 4036 de
323 3983 478 4047 lufirmario,
500 3983 589 4048 Steph.
608 3984 796 4034 Parmentario.
834 3983 925 4036 Gaufr.
945 3983 979 4035 de
1000 3985 1082 4036 Bosco
1100 3985 1155 4036 ond
1173 3986 1240 4037 Rob.
1261 3987 1347 4039 Coeus
1365 4004 1407 4038 are

268 4068 447 4119 oo·witnesses
468 4066 534 4116 with
553 4066 608 4116 Ace
627 4066 662 4117 de
681 4066 822 4117 Lokenton
840 4071 870 4118 to
891 4067 942 4118 No.
963 4070 1055 4130 aeas
1076 4068 1182 4120 charter
1202 4070 1240 4136 by
1259 4071 1356 4123 Anfrid
1376 4072 1407 4121 de

269 4152 357 4203 Oenei.

304 4233 315 4267 ⁴
333 4235 416 4283 There
429 4250 472 4284 are
484 4248 518 4282 no
535 4248 625 4283 means
636 4232 664 4282 of
676 4232 836 4299 identilying
848 4233 903 4285 this
915 4234 1005 4286 abbat.
1043 4234 1116 4286 John
1128 4235 1162 4287 de
1173 4235 1315 4300 Evesham,
1332 4240 1408 4289 1214-

271 4320 339 4369 1222
351 4336 359 4378 ;
383 4316 454 4367 John
476 4316 509 4366 de
531 4315 694 4381 Steyngrave
696 4346 812 4376 .....
816 4318 891 4369 1258.
929 4317 956 4367 If
979 4333 1014 4368 an
1037 4316 1171 4370 inference
1190 4335 1254 4385 may
1275 4320 1308 4371 be
1332 4321 1408 4371 made

269 4402 337 4451 from
349 4399 414 4450 such
423 4416 439 4449 a
447 4416 524 4450 name
536 4414 565 4449 as
577 4398 699 4459 Grimkil
713 4398 735 4449 it
748 4399 834 4449 would
848 4400 1008 4466 necessarily
1020 4402 1053 4452 be
1065 4401 1093 4451 in
1105 4401 1201 4453 favour
1212 4404 1241 4454 ol
1256 4403 1305 4456 the
1316 4404 1409 4455 earlier

270 4485 298 4533 ol
309 4483 355 4534 the
366 4486 428 4534 two.
466 4482 513 4534 See
526 4484 589 4533 note
601 4497 635 4531 on
648 4482 722 4532 Arne
735 4482 875 4534 Grimsune
888 4483 974 4534 under
985 4489 1051 4536 next
1063 4485 1176 4537 charter.
