2866 5002
21 484 61 540 80
205 490 477 544 CARTULARIUM
495 489 699 543 ABBATHIAE
717 491 767 543 Du
784 493 977 548 wflluuBY.

157 796 361 859 LXXXVII.
385 797 438 858 Dn
453 812 523 860 uus
538 811 625 860 soal
639 811 676 859 m
688 795 832 861 Uemuu.
879 799 941 882 [M.
960 799 1027 882 24.]

62 947 232 1011 Universis
260 947 289 1011 S.
313 948 359 1011 M.
386 947 472 1012 Ecel.
497 947 583 1025 filiis,
605 954 674 1012 tam
699 968 744 1030 pr.
772 969 868 1031 quam
894 949 966 1027 fut,
993 950 1153 1026 Robertus,

17 1046 104 1109 filius
127 1045 259 1109 Roberti
282 1045 406 1123 Clerici,
429 1046 576 1110 salutem.
621 1046 758 1111 Noverit
779 1047 867 1112 univ.
885 1069 914 1113 v,
930 1069 992 1126 me,
1012 1070 1069 1132 pro
1091 1071 1112 1113 s.
1126 1070 1148 1112 a

18 1165 97 1209 meae
119 1151 152 1207 εδ
174 1144 247 1208 haer.
264 1165 416 1221 meorum,
432 1165 518 1208 conc.
543 1150 576 1209 et
598 1144 733 1221 dedisse,
749 1152 782 1210 et
804 1145 864 1210 hac
887 1168 934 1230 pr.
958 1169 983 1212 c.
1007 1168 1050 1212 m.
1070 1148 1149 1224 conf,

16 1246 88 1308 Deo
104 1251 137 1308 et
153 1244 183 1307 S.
200 1245 295 1307 Petro
311 1250 343 1307 et
359 1243 389 1307 S.
406 1243 546 1326 Hyldae,1
562 1249 595 1308 εδ
610 1244 758 1308 Sacristae
776 1245 816 1309 de
831 1246 976 1330 Wyteby
992 1248 1029 1310 in
1043 1269 1107 1330 pur.
1121 1252 1147 1310 et

17 1364 103 1425 perp.
120 1343 211 1406 elem.
228 1362 329 1406 unam
351 1362 457 1406 acram
480 1343 547 1406 t'rae
568 1341 604 1405 in
625 1342 785 1406 territorio
806 1344 847 1408 de
870 1345 1068 1429 Huplium32
1088 1345 1145 1409 scil.

16 1441 185 1503 dimidiam
201 1461 307 1504 acram
322 1440 362 1503 ad
378 1441 679 1518 Helewaldessoeld,
695 1447 728 1505 et
743 1441 819 1507 dim.
837 1463 945 1506 acram
960 1445 1057 1527 juxta
1069 1445 1142 1508 viam

16 1540 55 1602 do
78 1540 183 1615 Lium,
199 1539 255 1601 lib.
271 1545 304 1602 et
318 1559 372 1622 qu.
391 1538 432 1602 ab
452 1539 544 1602 omni
565 1538 697 1603 servitio
720 1546 754 1604 et
775 1561 845 1605 saeo.
861 1543 1038 1607 exactione.
1079 1545 1140 1625 Ego,

16 1658 100 1714 vero,
116 1643 148 1700 et
171 1638 244 1700 haer.
262 1638 325 1701 mei
347 1637 443 1720 praed.
458 1639 552 1701 t'ram
572 1638 643 1702 Deo
665 1644 698 1702 et
714 1638 744 1703 S.
760 1640 856 1704 Petro
879 1647 914 1705 et
936 1641 967 1707 S.
984 1642 1097 1725 Hyldae
1114 1646 1138 1703 et

18 1737 164 1800 Sacristae
191 1737 230 1800 de
253 1737 396 1820 Wyteby
419 1757 444 1801 c.
468 1758 495 1800 o.
518 1737 548 1800 h.
574 1737 610 1799 in
634 1757 722 1820 perp.
747 1740 1036 1804 warentizabimus.
1078 1740 1135 1802 lliis

15 1837 162 1899 testibus.
205 1835 371 1899 Willelmo
386 1835 513 1901 Buscel.
559 1837 726 1901 Willelmo
742 1837 781 1901 de
797 1838 976 1904 Τοεδοδεε.8
1013 1840 1133 1903 Waltero

16 1936 55 1999 de
72 1936 209 1999 Samara.
254 1935 360 1998 Alano
377 1935 416 1999 de
432 1935 523 1999 Peroi
534 1934 559 2015 ;4
581 1941 614 2000 εδ
629 1936 709 2000 aliis.

96 2173 320 2236 LXXXVIII.
344 2174 397 2236 Dr
412 2189 446 2236 11.
465 2173 655 2238 Canuoaurs
671 2191 784 2238 runem
800 2192 836 2239 m
851 2177 1074 2242 Tounusuoua

58 2322 181 2385 Notum
205 2321 247 2385 sit
270 2342 353 2385 omn.
375 2323 447 2386 aud.
469 2327 502 2386 et
523 2323 588 2386 vid.
612 2323 669 2388 has
692 2324 827 2401 litteras,
842 2327 931 2409 quod
954 2348 1019 2411 ego,
1029 2320 1131 2399 Pulso?

14 2421 207 2485 concedente
234 2421 364 2484 domino
394 2442 474 2499 meo,
503 2422 639 2486 Osberto
665 2424 705 2488 de
731 2423 875 2502 Arches‚⁶
900 2425 976 2489 dedi
1002 2432 1035 2490 et
1058 2442 1132 2507 super

14 2521 114 2585 altare
130 2521 160 2585 S.
177 2522 266 2585 Petri
280 2526 313 2584 et
328 2521 358 2584 S.
376 2520 496 2604 Hyldae
512 2521 551 2585 de
565 2521 710 2606 Wyteby
727 2523 832 2605 optuli
846 2524 927 2601 Deo,
943 2530 976 2589 et
990 2521 1131 2589 monachis

14 2621 90 2684 ibid.
106 2622 176 2685 Deo
192 2641 282 2698 serv,
297 2619 383 2705 (20¹³)
400 2621 480 2684 duas
496 2627 659 2686 carucatas
681 2623 748 2686 t’rae
763 2624 798 2686 in
813 2623 1001 2702 Tholestun,
1015 2640 1131 2708 prosa

13 2720 120 2803 me[ae]
138 2725 169 2783 et
183 2741 240 2803 pro
257 2720 426 2783 animabus
448 2724 621 2802 parentum
643 2741 796 2799 meorum,
812 2727 844 2785 et
867 2724 1015 2787 omnium
1030 2739 1133 2788 sucoss-

14 2841 121 2884 sorum
136 2841 288 2897 meorum,
303 2820 358 2883 lib.
375 2824 408 2882 εδ
423 2840 475 2902 qu.
492 2821 532 2883 ab
548 2820 637 2883 omni
659 2840 737 2885 serv.
754 2826 787 2885 et
806 2822 847 2885 ab
863 2823 953 2886 omni
976 2844 1060 2887 cons.
1075 2839 1133 2894 seo,

13 2921 49 2983 in
70 2941 156 3003 perp.
173 2919 390 2984 elemosinam.
437 2919 525 2983 Huic
548 2918 715 2984 donationi
736 2920 956 2986 interfuerunt
977 2923 1027 2985 hii
1047 2927 1134 2986 testes.

13 3017 185 3084 Arundel.⁷
237 3017 413 3082 Gaufridus
441 3017 480 3082 de
507 3018 603 3083 Arel’.
650 3019 721 3084 Odo
746 3019 948 3104 Capellanus.
997 3020 1136 3086 Ricardus

14 3119 53 3183 de
68 3119 218 3183 Lindesei
227 3142 235 3198 ;
258 3124 290 3182 εδ
306 3117 368 3182 alii.

49 3293 59 3325 1
77 3295 115 3344 M.
130 3295 187 3344 “de
199 3294 309 3360 WIteby
317 3292 332 3318 ’³
344 3293 462 3345 inserted
473 3293 537 3344 here
549 3293 603 3344 and
615 3293 730 3345 omitted
741 3294 811 3346 efter
822 3292 952 3348 Sacristae.

49 3375 59 3408 ²
77 3378 115 3430 M.
130 3377 247 3443 Uplium.
898 3375 910 3410 ⁸
928 3379 968 3433 M.
983 3379 1110 3432 Tosootee.

48 3458 59 3491 ⁴
76 3460 147 3510 Alan
159 3461 192 3510 de
204 3461 296 3526 Percy,
309 3460 334 3510 le
346 3459 473 3511 Meschin.

46 3542 57 3576 ⁵
76 3544 128 3594 and
140 3541 151 3576 ⁶
163 3544 211 3596 See
224 3544 326 3595 Introd.
340 3544 431 3608 Chap„
446 3542 499 3594 ond
511 3542 574 3593 Nos.
589 3545 632 3604 82,
645 3543 687 3605 89,
703 3545 764 3596 253.

46 3624 57 3659 ⁷
76 3628 160 3678 There
178 3627 201 3678 is
220 3643 254 3677 no
268 3626 401 3678 Christian
418 3642 496 3677 name
514 3626 592 3692 given
610 3625 639 3676 in
656 3626 711 3677 this
728 3626 856 3680 instance.
893 3626 966 3688 Thst
983 3629 1032 3680 the
1050 3630 1143 3681 enarer

11 3727 66 3760 was
84 3711 196 3776 granted
213 3709 242 3759 in
253 3709 324 3760 Alan
336 3710 369 3760 de
382 3708 487 3774 Percy's
499 3709 572 3770 time,
588 3724 618 3759 or
635 3708 726 3760 before
740 3711 816 3771 1133,
828 3709 904 3760 there
922 3726 973 3761 ean
990 3711 1025 3762 be
1041 3712 1109 3764 little
1119 3726 1144 3760 or

12 3811 47 3844 no
65 3793 157 3843 doubt.
194 3794 319 3843 Between
337 3794 495 3853 1139-1148,
513 3791 540 3842 in
558 3791 634 3842 other
651 3791 737 3842 words
753 3792 782 3842 in
800 3792 891 3844 Abbot
909 3793 1060 3846 Benediet's
1078 3795 1141 3853 time,

12 3878 60 3926 the
72 3876 214 3925 advowson
226 3875 254 3924 of
267 3874 369 3925 Sneton
380 3891 434 3925 was
446 3874 559 3940 granted
570 3877 599 3925 to
611 3873 684 3924 John
696 3873 817 3925 Arundel
828 3873 882 3943 (see
894 3879 961 3927 next
973 3877 1087 3941 charter,
1099 3877 1123 3927 N
1124 3893 1142 3927 o.

14 3963 56 4022 89,
70 3959 123 4009 and
141 3959 189 4010 No.
206 3960 274 4021 101),
288 3958 355 4022 who,
368 3957 426 4009 itis
438 3962 467 4009 at
484 3957 552 4009 least
569 3957 703 4023 probable,
716 3973 771 4009 was
788 3973 838 4008 son
854 3958 882 4008 ol
899 3958 956 4011 this
968 3960 1086 4023 witness,
1099 3957 1144 4011 end

13 4047 61 4093 not
74 4042 128 4093 this
140 4041 249 4091 witness
267 4041 380 4092 himself.
417 4041 450 4091 In
463 4057 512 4091 one
525 4057 555 4091 or
565 4044 621 4092 two
639 4040 717 4091 other
733 4041 866 4093 mances
881 4040 910 4092 in
921 4041 979 4094 this
990 4043 1145 4108 Chsrtulsry

13 4126 59 4176 the
72 4124 197 4188 ordinary
209 4123 343 4175 Christian
361 4123 471 4174 nemeis
484 4123 604 4185 omitted,
620 4139 649 4174 as
661 4139 705 4187 aa.
718 4123 748 4173 in
760 4122 809 4174 No.
828 4121 885 4184 173,
901 4123 991 4176 where
1006 4125 1143 4184 “Fossard,

12 4224 89 4273 prece
107 4207 188 4258 mea''
201 4208 224 4258 is
241 4206 325 4258 found
342 4209 371 4257 at
389 4206 436 4256 the
453 4206 521 4256 head
533 4206 561 4256 of
578 4206 625 4257 the
637 4205 781 4268 witnesses,
794 4205 913 4257 william
924 4206 1041 4260 Fossnrd
1052 4209 1081 4260 oi
1097 4208 1142 4259 No.

13 4293 47 4341 92
59 4291 140 4357 being
151 4291 247 4342 almost
259 4289 388 4354 certainly
396 4289 444 4340 the
455 4305 549 4354 person
558 4293 654 4342 meant
685 4288 712 4339 A
722 4288 821 4340 second
832 4288 952 4340 instance
961 4291 991 4341 oi
1000 4291 1051 4343 the
1062 4306 1143 4342 occur-

12 4389 89 4424 rence
107 4373 135 4423 of
152 4374 199 4424 the
216 4376 322 4439 present
333 4371 463 4424 witness’s
481 4387 558 4423 name
569 4371 686 4423 without
702 4387 719 4422 a
736 4371 892 4423 distinctiva
902 4372 944 4441 (or
955 4375 972 4402 “
981 4373 1115 4426 Christian
1122 4371 1146 4442 ”l

13 4471 90 4506 name
101 4454 224 4521 prefixed,
240 4456 263 4507 is
275 4455 302 4506 in
315 4455 364 4508 No.
379 4457 439 4518 253,
452 4455 540 4507 where
551 4455 586 4506 he
597 4471 709 4522 appears
719 4470 749 4507 as
763 4455 951 4508 “Hsrundel”
