2866 5002
337 515 610 569 OARTULARIUM
628 514 831 568 ABBArHIAE
847 516 896 567 DE
914 516 1101 568 WHITEBY.
1225 509 1287 568 287

149 681 314 746 mandatis
336 681 453 746 vestris
476 679 603 745 obedire
626 679 733 763 quoad
755 679 923 745 ecclesiam
937 680 977 746 de
1000 681 1140 766 Orossby
1155 682 1289 767 praedic-

148 786 227 858 tam,
242 801 373 845 securus
388 780 482 844 nobis
497 800 564 843 non
577 784 670 864 patet
692 799 837 844 accessus
851 800 909 863 pro
928 800 965 844 eo
980 780 1066 864 quod
1082 780 1163 845 dicti
1177 780 1288 846 Abbas

145 887 181 946 et
203 882 313 957 Oonv,
335 900 393 963 per
415 878 573 962 quosdam
595 898 679 955 suos,
701 878 947 944 exeoutionibus
968 880 1195 945 mandatorum
1216 901 1287 946 ves-

149 985 275 1044 trorum
291 999 325 1043 se
335 982 513 1061 opponunt,
522 983 618 1060 prout
633 977 713 1041 alias
722 977 814 1042 vobis
829 977 1019 1042 litteratorie
1028 979 1289 1062 significavimus,

147 1077 302 1142 mandata
324 1083 433 1141 vestra
447 1076 483 1139 in
506 1076 601 1159 pleno
626 1076 778 1159 Capitulo
793 1077 1004 1154 Westmariae,
1019 1077 1106 1162 apud
1128 1078 1290 1162 Appelby,

146 1181 307 1258 tanquam
323 1176 359 1238 in
373 1175 443 1239 loco
459 1174 598 1257 publico,
612 1174 785 1257 Subpriore
800 1174 840 1239 de
849 1175 1007 1260 Whiteby
1022 1181 1055 1240 et
1066 1177 1239 1261 Capellano
1249 1177 1288 1242 de

146 1276 308 1358 Orosseby
325 1274 559 1338 Ravenswarth
581 1274 805 1357 praesentibus,
820 1274 941 1338 fuimus
959 1277 1093 1341 executi.
1139 1277 1181 1340 In
1196 1278 1288 1360 cujus

146 1375 198 1439 rei
214 1380 287 1438 test.
304 1379 478 1457 praesentes
493 1373 617 1436 litteras
632 1372 723 1436 vobis
745 1372 1009 1437 transimittimus
1023 1371 1181 1457 patentes,
1202 1375 1289 1459 quod

144 1476 252 1540 etiam
289 1473 578 1538 concommissariis
607 1473 724 1536 vestris
761 1473 988 1556 significamus.
1048 1474 1173 1538 Datum
1202 1474 1288 1558 apud

147 1573 315 1658 Appelby,
330 1574 382 1637 die
398 1573 534 1636 Veneris
548 1572 696 1655 proximo
717 1577 792 1655 post
806 1573 827 1636 f.
844 1572 874 1636 S.
891 1572 1076 1637 Soolasticee
1089 1573 1235 1657 virginis,
1249 1574 1287 1637 A.

143 1675 190 1739 D.
208 1673 382 1738 millesimo
399 1672 619 1737 ducentesimo
635 1672 835 1756 sexagesimo
849 1677 971 1755 quarto.

178 1864 427 1952 CCCXXXlX.
451 1885 557 1949 Anius
572 1901 669 1948 urana
684 1901 727 1948 un
742 1902 856 1949 runnu
871 1862 1019 1949 urrann
1034 1901 1259 1950 ramcnnrurn

191 2036 276 2099 Acta
297 2036 333 2098 in
347 2034 459 2119 vigilia
474 2034 702 2117 Apostolorum
724 2034 876 2118 Symonis
898 2039 931 2099 et
952 2035 975 2099 J
976 2034 1055 2112 udae,
1072 2034 1112 2100 Α.
1127 2036 1167 2100 D.
1184 2035 1287 2100 mille-

144 2136 232 2200 simo
257 2134 475 2198 ducentesimo
500 2133 697 2217 sexagesimo
724 2138 846 2215 quarto,
868 2133 904 2195 in
931 2132 1075 2198 Ecclesia
1102 2133 1288 2198 Cathedrali

145 2233 358 2309 Karliolensi,
381 2253 486 2296 coram
513 2233 614 2309 nobis,
637 2232 719 2295 M'ro
746 2232 1052 2309 Robe1t0,Rectore
1082 2233 1223 2298 ecclesiae
1247 2233 1287 2297 de

143 2334 299 2410 Dalston,
324 2331 427 2415 (ma)
454 2332 537 2415 juris
564 2331 710 2395 canonici
734 2331 924 2409 Professore,
946 2337 1075 2416 gerente
1101 2332 1188 2398 vices
1210 2333 1288 2398 D’ni

144 2434 271 2498 Ptioris
284 2433 322 2496 de
337 2432 475 2508 Bredon,
486 2431 608 2515 judicis
623 2451 642 2494 a
657 2430 739 2494 Sede
752 2431 938 2515 Apostolica
952 2431 1099 2517 delegati,
1110 2433 1288 2498 secundum

144 2536 285 2599 formam
300 2531 543 2596 constitutionis
565 2531 628 2595 sibi
650 2532 743 2595 factae
765 2532 801 2594 in
823 2551 919 2596 causa
941 2552 999 2597 seu
1018 2533 1145 2618 negotio
1159 2553 1288 2598 revoca-

144 2632 250 2697 tionis
270 2636 389 2696 temere
412 2634 676 2712 attemptatorum
699 2635 731 2693 et
752 2630 980 2694 innovatorum
1002 2632 1037 2695 in
1062 2633 1287 2716 praejudicium

144 2731 307 2796 Willelmi
322 2725 362 2794 de
379 2729 552 2806 Sevenake,
568 2749 625 2793 seu
641 2730 680 2792 de
695 2730 794 2807 Kent,
811 2730 936 2806 Clerici,
951 2731 1101 2794 Rofensis
1118 2732 1288 2807 dioceseos,

145 2833 184 2895 in
201 2836 309 2895 nostra
323 2829 494 2914 praesentia
512 2829 689 2906 constituti,
704 2828 914 2912 personaliter
929 2829 1150 2913 comparentis.
1195 2831 1287 2894 Post-

146 2951 250 3014 quam
264 2930 349 2994 idem
364 2928 559 3006 Willelmus,
573 2949 669 2992 causa
690 2928 956 3012 peregrinationis
971 2934 1004 2992 et
1021 2949 1079 3011 pro
1094 2927 1287 3012 quibusdam

145 3030 286 3113 negotiis
308 3030 376 3093 suis
397 3028 624 3112 promovendis
646 3027 710 3092 iter
732 3028 867 3111 arripuit
882 3028 923 3091 ad
940 3026 1053 3091 Sedem
1068 3027 1288 3111 Apostolicam

144 3127 440 3195 veniendi-videl.
457 3148 531 3191 cum
546 3132 708 3192 constaret
723 3127 816 3191 nobis
838 3126 981 3211 legitime
995 3126 1186 3210 praedictum
1201 3126 1287 3190 diem

144 3230 250 3294 fuisse
264 3227 477 3312 peremptorie
492 3227 662 3310 praefixum
677 3227 718 3291 ad
733 3227 947 3292 revocandum
961 3227 1093 3311 praecise
1108 3226 1137 3290 si
1150 3226 1288 3309 liqueret

145 3336 269 3393 temere
284 3334 476 3411 attemptata
499 3333 532 3390 et
553 3327 707 3391 innovata
729 3328 764 3390 in
787 3347 883 3391 causa
897 3348 995 3410 quam
1017 3326 1189 3410 praedictus
1203 3324 1289 3390 Wil-

145 3429 267 3493 lelmus
296 3428 395 3492 habet
424 3447 520 3510 super
546 3425 679 3491 ecclesia
701 3427 741 3490 de
768 3426 934 3510 Crosseby,
957 3426 1091 3491 Karliol
1119 3426 1290 3503 dioceseos,

146 3549 225 3593 cum
250 3528 379 3592 Abbate
409 3532 441 3590 et
469 3527 567 3590 Conv.
596 3526 712 3588 Mon’ii
736 3526 776 3589 de
802 3525 968 3610 Whiteby,
992 3527 1028 3591 Ο.
1056 3527 1085 3591 S.
1112 3526 1289 3603 Benedicti,

146 3628 286 3692 Eboraci
308 3627 477 3702 dioceseos,
492 3631 664 3709 postquam
686 3626 773 3689 idem
795 3625 979 3691 Willelmus
1002 3627 1043 3690 ad
1066 3627 1179 3692 Sedem
1202 3627 1289 3709 Apo-

147 3727 297 3793 stolioam
313 3727 465 3791 veniendi
479 3727 541 3790 iter
556 3726 698 3809 arripuit,
714 3726 809 3809 praed.
825 3726 1010 3790 Willelmus
1026 3747 1066 3790 ex
1088 3724 1289 3790 habundanti

146 3827 300 3892 exhibuit
329 3827 364 3889 in
391 3826 514 3910 judicio
544 3846 650 3890 coram
676 3826 769 3889 nobis
795 3826 951 3909 quasdam
979 3825 1105 3888 litteras
1133 3828 1289 3906 patentes,

149 3927 257 4010 sigillo
273 3926 349 3989 M'ri
363 3926 493 3989 Thomas
509 3926 547 3989 de
563 3926 696 4008 Foveys,
712 3925 836 4001 Clerici,
851 3926 886 3987 in
906 3923 1076 4007 praesentia
1092 3926 1199 3985 nostra
1214 3942 1289 3987 con-

148 4026 269 4101 stituti,
284 4025 368 4088 vivae
383 4025 471 4088 vocis
493 4023 621 4088 oraculo
636 4023 859 4087 testimonium
880 4021 947 4084 illis
968 4019 1072 4083 literis
1091 4019 1289 4103 perhibentis

148 4125 362 4210 procuratoris
385 4124 463 4187 D’ni
484 4122 713 4187 Archidiaconi
736 4121 880 4198 Karliol,
894 4125 990 4204 prout
1012 4118 1052 4183 de
1073 4121 1289 4202 procuratorio

149 4224 308 4302 constitit,
335 4224 485 4308 signatas,
509 4224 545 4286 in
574 4222 691 4305 quibus
721 4223 806 4285 inter
835 4221 898 4283 alia
928 4218 1152 4282 continebatur
1180 4217 1289 4282 tenor¹

148 4325 331 4388 litterarum
354 4323 489 4387 Domini
511 4323 608 4406 Papae
630 4342 688 4405 per
712 4319 811 4404 praed.
834 4318 1011 4404 Religiosos
1034 4318 1075 4382 ad
1097 4317 1233 4382 Karliol.
1256 4324 1289 4382 et

664 4483 674 4518 ¹
692 4485 777 4536 tenor'.
