2910 5002
268 537 328 596 276
452 546 722 599 CAR'I'ULARIUM
741 544 946 597 ABBATHIAE
963 545 1012 597 DE
1029 545 1220 599 WHITEBY.

342 799 588 864 CCCXXVIII.
613 799 843 864 commutire
859 797 1010 862 Hououn
1025 799 1125 861 Pura
1139 814 1184 861 mr
1200 798 1339 863 Cacsur.

312 973 402 1056 (104)
427 973 613 1035 Honorius1
636 972 744 1054 Ep’us,
760 973 879 1035 Servus
902 991 1067 1036 servorum
1089 972 1163 1049 Dei,
1178 973 1308 1039 dilectis
1323 973 1401 1049 filiis,

266 1072 389 1135 Abbati
401 1079 433 1135 et
446 1070 544 1135 Conv.
558 1071 673 1133 Mon'ii
685 1070 724 1133 de
738 1069 904 1152 Whiteby,
914 1091 936 1134 s.
950 1075 982 1134 et
993 1070 1124 1154 apostol.
1137 1072 1399 1137 benedictionem.

267 1172 290 1234 J
292 1171 373 1234 ustis
403 1171 584 1252 petentium
616 1169 783 1233 desideriis
817 1168 952 1253 dignum
977 1176 1027 1234 est
1051 1191 1110 1234 nos
1139 1171 1237 1236 facile
1266 1173 1400 1255 praebere

267 1289 467 1344 consensum,
478 1275 511 1331 et
519 1275 595 1331 vota
610 1287 682 1350 quae
697 1267 832 1331 rationis
847 1268 976 1332 tramite
991 1289 1057 1332 non
1072 1268 1401 1334 01100011100101100102

266 1373 479 1451 prosequente
505 1367 672 1449 complere.
717 1367 765 1429 Ea
794 1371 933 1450 propter,
960 1367 1070 1431 dilecti
1101 1368 1138 1430 10
1167 1369 1314 1434 Domino
1341 1369 1403 1445 filii,

267 1468 382 1531 vestris
403 1466 502 1549 justis
527 1465 800 1549 postulationibus
830 1470 959 1548 gratum
982 1466 1208 1549 impartientes
1233 1490 1401 1544 assensum,

268 1567 436 1631 eeclesiam
451 1566 491 1629 de
504 1565 661 1648 Crosseby
671 1586 769 1647 quam
784 1565 936 1629 canonice
951 1565 1036 1649 [vos]
1051 1567 1243 1649 proponitur
1253 1570 1400 1652 optinere,

266 1667 351 1730 sicut
363 1666 529 1748 eamjuste
539 1685 576 1729 ac
586 1664 719 1748 pacifice
727 1664 907 1747 possidetis,
916 1664 1018 1741 vobis,
1027 1670 1061 1729 et
1070 1685 1129 1749 per
1137 1687 1196 1730 vos
1208 1667 1400 1734 Monasterio

267 1770 383 1840 vestre,
398 1764 588 1828 auctoritate
603 1762 779 1846 apostolica
798 1762 1024 1826 confirmamus
1047 1770 1079 1828 et
1100 1784 1147 1847 pr.
1163 1767 1280 1850 scripti
1301 1774 1400 1852 patre

267 1864 352 1929 cinio
379 1860 639 1928 communimus.8
682 1862 777 1926 Nulli
792 1883 866 1946 ergo
881 1863 1012 1927 omnino
1026 1863 1197 1928 hominum
1212 1865 1311 1932 liceat
1324 1867 1400 1931 hauc

267 1962 418 2045 paginam
433 1968 552 2026 nostrae
563 1961 815 2026 confirmationis
826 1961 1011 2044 infringere,
1021 1961 1075 2026 vel
1085 1961 1126 2038 ei,
1134 1982 1218 2026 ausu
1228 1966 1400 2041 temerario,

267 2062 431 2127 contraire.
478 2062 513 2126 Si
536 2062 609 2144 quis
632 2065 741 2124 autem
763 2060 823 2124 hoc
839 2065 1032 2143 attemptare
1045 2063 1289 2147 praesumpserit
1303 2065 1400 2148 indig-

267 2162 432 2225 nationem
448 2161 689 2246 Omnipotentis
704 2160 769 2224 Dei
791 2164 824 2224 et
846 2161 1021 2224 Beatorum
1035 2159 1123 2224 Petri
1144 2168 1179 2225 et
1201 2163 1307 2240 Pauli,
1320 2165 1400 2247 Apo·

267 2260 439 2324 stolorum4
453 2262 542 2344 Ejus,
557 2282 592 2324 se
612 2259 755 2324 noverit⁵
771 2259 1013 2343 [incursurum]
1057 2260 1183 2324 Datum
1197 2263 1286 2346 apud
1301 2265 1400 2328 Later·

266 2380 374 2436 anum,
390 2360 452 2421 iiii⁰
469 2381 570 2424 nonas
586 2360 677 2437 Maii,
691 2360 903 2424 Pontificatus
918 2359 1020 2424 nostri
1035 2379 1119 2424 anno
1135 2367 1235 2427 sexto.

485 2609 696 2696 CCCXXIX.
719 2611 807 2675 Arm
822 2628 928 2676 curru
943 2628 986 2676 uu
1002 2613 1179 2680 Cacssunr.

310 2773 352 2836 In
366 2772 496 2837 nomine
511 2773 653 2840 Domini.
697 2773 812 2838 Amen.
857 2774 1027 2840 Universis
1038 2780 1147 2859 pateat
1160 2796 1219 2860 per
1232 2785 1400 2862 praesentes

266 2873 353 2955 quod
375 2893 443 2950 nos,
461 2873 647 2937 Willelmus
671 2873 711 2936 de
733 2874 907 2958 Pykrynge
930 2879 962 2937 et
984 2874 1143 2939 Robertus
1164 2876 1205 2941 de
1228 2877 1404 2963 Pykrynge,

266 2993 436 3055 germanus
459 2971 551 3055 ejus?
574 2972 730 3035 Canonici
751 2973 976 3050 Eboracenses,
997 2993 1034 3038 ac
1055 2973 1232 3052 Johannes,
1254 2977 1347 3043 Prior
1367 2978 1403 3043 de

267 3072 384 3134 Bolton
400 3071 435 3133 in
451 3072 584 3147 Oraven,
596 3071 751 3154 quasdam
766 3071 995 3136 submissiones
1010 3072 1245 3156 Religiosorum
1256 3076 1403 3154 virorum,

266 3171 404 3235 Abbatis
430 3178 463 3234 01
485 3171 584 3235 Conv.
607 3171 646 3235 de
669 3171 833 3254 Whiteby,
857 3171 987 3235 Ordinis
1013 3171 1043 3236 S.
1071 3173 1250 3252 Benedicti,
1272 3177 1404 3242 Eboraci

267 3271 436 3345 dioceseos,
451 3291 491 3333 ex
506 3276 596 3353 parte
611 3290 683 3346 una,
699 3276 732 3333 et
746 3270 865 3333 Prioris
881 3275 914 3335 et
930 3270 1139 3336 Conventus⁷
1159 3272 1201 3337 de
1222 3273 1403 3361 (10010300-

266 3370 380 3446 heved,
396 3370 525 3433 Ordinis
549 3371 578 3433 S.
595 3370 782 3454 Augustini,
797 3370 890 3434 dictae
913 3370 1081 3448 dioceseos,
1096 3391 1137 3435 ex
1158 3372 1272 3452 altera,
1289 3377 1405 3460 recepi-

266 3488 339 3530 mus
355 3468 414 3530 sub
428 3469 593 3532 tenoribus
608 3469 819 3552 infrascriptis
831 3470 1052 3535 :-Universis
1067 3470 1180 3535 tenor⁸
1197 3476 1404 3555 praesentium

266 3566 464 3629 innotescat⁹
480 3567 574 3649 quod,
586 3589 660 3632 cum
675 3569 760 3633 inter
774 3590 842 3646 nos,
856 3569 1018 3634 Abbatem
1029 3576 1062 3634 et
1077 3569 1176 3636 Conv.
1189 3571 1231 3636 de
1242 3572 1405 3659 Whiteby,

266 3665 360 3729 Ebor.
392 3665 560 3743 dioceseos
592 3667 665 3733 Ord.
697 3669 725 3733 S.
757 3669 803 3745 B,
829 3667 903 3732 eccl.
933 3668 1149 3751 parochialem
1178 3670 1233 3736 de'
1251 3673 1405 3758 Crosseby

267 3765 515 3829 Ravenswartho
530 3767 656 3829 Karliol
677 3767 837 3832 dioceseos
852 3768 1045 3851 improprios
1066 3788 1145 3833 usus
1167 3770 1356 3854 optinentes
1376 3782 1405 3839 et

303 3913 312 3946 1
331 3913 396 3964 This
408 3918 481 3965 must
489 3915 523 3964 be
536 3915 670 3966 Honorius
682 3929 725 3967 111.
740 3916 922 3979 (1216-1227),
944 3917 986 3967 101
998 3917 1045 3968 the
1057 3917 1243 3971 confirmation
1256 3925 1401 3990 grsntsdis

265 3998 377 4064 granted
397 4001 488 4048 “anno
506 4003 582 4048 sexto
592 3999 605 4026 ''
625 3999 653 4048 oi
670 3999 713 4049 his
731 3999 813 4066 reign.
850 4000 986 4051 Honorius
997 4014 1024 4053 v,
1039 4017 1093 4052 was
1110 4001 1183 4069 Pope
1200 4003 1274 4057 from
1294 4009 1363 4061 1285
1378 4013 1403 4060 to

268 4083 345 4140 1288,
359 4096 388 4129 01
400 4096 471 4129 some
483 4080 559 4130 three
572 4097 648 4146 years
661 4081 731 4146 only,
745 4083 936 4148 consequently
948 4082 996 4134 the
1007 4083 1193 4137 confirmation
1204 4093 1282 4141 must
1299 4090 1362 4143 dcte
1377 4092 1401 4141 ir

268 4167 343 4216 1000.
1006 4164 1120 4232 ²effoeu

300 4244 311 4278 3
329 4249 520 4298 communiamur.
1007 4248 1018 4282 4
1035 4249 1243 4316 Apportobmm.

299 4327 311 4361 ⁶
329 4329 405 4380 Some
415 4329 496 4390 word,
511 4329 575 4380 such
589 4347 617 4381 as
630 4334 799 4392 decursurum,
815 4332 838 4382 is
851 4331 977 4399 requisite
989 4332 1052 4384 bere
1063 4336 1093 4384 to
1105 4335 1238 4400 completo
1249 4336 1300 4389 1110
1310 4354 1390 4390 unse

299 4409 310 4442 ⁶
328 4411 376 4462 See
389 4411 438 4464 No.
452 4414 510 4463 314.
1009 4413 1020 4449 t
1039 4416 1157 4469 Priorem
1168 4424 1192 4468 c
1205 4417 1369 4475 0001011011.

298 4490 308 4524 ⁸
327 4501 441 4544 tenorem.
1008 4495 1020 4532 ⁹
1036 4500 1171 4552 innotescit
