2866 5002
228 516 498 568 CARTULARIUM
518 516 721 568 ABBATHIAE
739 519 788 568 DE
806 518 992 569 WHITEBY.
1116 508 1173 566 lbl

21 681 142 746 libert.
160 687 193 745 et
208 685 350 745 consuet.
366 701 446 763 quas
469 680 589 744 habent
611 687 702 744 terrae
725 687 757 744 et
778 680 926 747 homines
949 683 979 747 S.
995 681 1083 747 Petri
1098 687 1131 745 et
1147 682 1176 746 S.

24 781 188 846 cutberti
203 781 238 843 in
253 780 364 845 eadem
379 780 511 844 civitate
525 780 745 844 consistentes.
792 782 1005 846 Concedimus
1028 782 1127 846 etiam
1146 786 1179 845 et

24 880 118 945 conf.
144 879 239 962 praed
263 880 348 943 Eccl.
363 879 404 943 de
425 879 576 961 Wyteby,
591 885 624 943 et
646 879 768 943 Abbati
790 886 822 944 et
844 902 928 946 mon.
943 881 1032 946 illius
1054 881 1126 957 loci,
1141 887 1178 943 ut

26 979 182 1043 babeant
217 986 251 1043 et
286 978 470 1061 possideant
499 978 535 1040 in
565 977 775 1061 domin[i]um
805 999 900 1042 suum
929 1000 1040 1043 omnes
1069 985 1178 1055 terras,

28 1079 184 1155 forestas,
198 1098 336 1154 nemora,
351 1083 384 1141 et
405 1081 552 1160 pasturas
567 1077 636 1140 t’ris
652 1077 800 1140 Abbatiae
822 1098 888 1141 suae
909 1079 1117 1161 pertinentes
1132 1078 1179 1139 ita

30 1177 149 1252 libere,
165 1177 281 1260 quiete,
297 1176 400 1258 plene,
415 1184 448 1240 et
470 1176 653 1252 honorifice,
671 1174 752 1258 (48¹²)
770 1181 808 1239 ut
830 1177 939 1242 nullus
962 1178 1002 1242 de
1021 1177 1179 1241 ministris

31 1276 161 1340 nostris
183 1275 377 1338 intromittat
399 1296 433 1338 se
452 1274 492 1338 de
513 1275 706 1351 nemoribus,
722 1296 781 1339 nec
803 1276 843 1340 de
865 1278 1005 1360 pasturis
1026 1276 1179 1340 Ecclesiae

35 1376 69 1440 S.
96 1375 188 1438 Petri
216 1381 250 1439 et
279 1375 309 1439 S.
334 1375 453 1458 Hyldae
479 1382 512 1438 at
539 1373 661 1438 Abbati
688 1373 747 1458 [et]
778 1376 943 1440 monachis
969 1376 1008 1440 de
1034 1375 1179 1458 wyteby

35 1474 278 1558 pertinentibus
290 1497 298 1552 ;
329 1494 389 1537 nec
411 1473 579 1557 prohibeat
606 1494 658 1537 eos
685 1473 788 1537 facere
817 1476 994 1557 proficuum
1018 1496 1113 1539 suum
1140 1474 1180 1537 de

36 1574 225 1641 nemoribus
241 1582 274 1637 at
288 1572 428 1655 pasturis
443 1593 561 1637 eorum.
606 1573 649 1636 Et
671 1572 811 1637 habeant
830 1574 930 1639 libere
946 1574 1127 1639 forestarios
1148 1578 1180 1637 et

37 1672 208 1736 ministros
228 1691 302 1734 suos
324 1671 366 1734 ad
387 1692 518 1734 nemora
540 1691 598 1734 sua
620 1677 652 1735 et
677 1676 825 1754 pasturas
847 1693 921 1736 suas
945 1670 1179 1737 custodiendas.

37 1771 84 1834 Et
98 1769 305 1853 prohibemus
320 1790 361 1833 ne
376 1770 495 1852 aliquis
517 1770 601 1833 infra
616 1775 719 1834 metas
735 1776 767 1834 et
783 1771 902 1834 divisas
917 1771 1012 1854 praed.
1029 1769 1180 1833 Ecclesiae

37 1868 181 1933 Abbatis
211 1874 244 1931 et
272 1868 501 1932 monachorum
532 1889 701 1931 commune
730 1869 848 1933 habeat
877 1870 913 1932 in
939 1868 1121 1932 nemoribus
1148 1872 1182 1930 et

38 1969 184 2054 pasturis
210 1989 329 2045 eorum,
351 1969 415 2032 nisi
436 1989 495 2052 per
514 1968 680 2033 licentiam
703 1989 819 2032 eorum.
865 1970 908 2032 Et
930 1968 1106 2033 clamamus
1128 1985 1182 2029 eos

39 2069 171 2153 quietos
193 2068 232 2131 de
248 2068 356 2132 wastis
378 2075 412 2132 et
433 2067 578 2132 essartis¹
593 2075 627 2132 et
648 2066 983 2152 regward1s2f0resta
1028 2065 1182 2132 Concedi-

40 2187 116 2231 mus
139 2167 285 2231 etiamst
305 2167 385 2231 conf.
401 2166 497 2250 praed.
513 2167 665 2230 Ecclesiae
687 2188 798 2231 omnes
821 2167 1009 2231 donationes
1031 2171 1064 2230 et
1086 2165 1183 2229 libcr-

38 2273 127 2331 tates
142 2272 175 2330 et
190 2267 438 2330 consuetudines
454 2267 562 2349 qua[s]
579 2266 765 2330 Willelmus
781 2267 860 2344 Ber,
875 2267 996 2332 abavus
1019 2273 1134 2344 noster,
1150 2272 1183 2330 et

40 2365 229 2431 Willelmus
255 2367 325 2429 Rex
347 2366 434 2429 filius
461 2367 539 2449 ejus,
562 2373 594 2429 et
621 2365 783 2429 Henricus
809 2367 879 2431 Rex
905 2388 1042 2452 proavus
1067 2370 1184 2443 noster,

40 2471 76 2532 et
97 2464 255 2548 gloriosus
276 2465 345 2528 Rex
361 2465 532 2541 Henricus,
547 2470 638 2547 pater
660 2469 778 2542 noster,
793 2465 898 2529 eidem
919 2467 1073 2531 Ecclesiae
1087 2465 1182 2530 dede-

40 2569 131 2640 runt,
155 2568 187 2626 et
212 2564 307 2626 cartis
333 2564 401 2626 suis
427 2563 704 2627 confirmaverunt.
751 2564 871 2629 Omnes
895 2586 970 2630 vero
994 2565 1183 2628 donationes

40 2662 204 2726 Willelmi
220 2662 259 2725 da
270 2662 370 2738 Persi,
384 2663 564 2726 fundatoris
586 2663 682 2747 praed.
698 2663 858 2741 Abbatiae‚
875 2670 907 2728 et
921 2666 1021 2729 Alani
1036 2665 1076 2728 de
1091 2663 1183 2727 Perci

41 2762 105 2825 filii
132 2761 210 2844 ejus,
232 2766 265 2824 et
289 2762 448 2825 Willelmi
470 2762 510 2825 de
536 2762 628 2826 Perci
652 2762 713 2825 filii
735 2763 843 2840 Alani,
867 2771 901 2827 et
927 2763 1063 2827 aliorum
1087 2761 1184 2825 advo-

41 2866 190 2926 catorum
205 2880 345 2937 suorum,
356 2861 442 2924 unde
457 2861 578 2925 habant
593 2867 696 2925 cartas
712 2882 842 2941 eorum;
861 2866 893 2925 et
908 2862 987 2924 duas
1003 2865 1184 2924 carrucatas

41 2962 113 3024 t’raa
136 2960 172 3022 in
194 2959 393 3037 Hakanessa,
416 2969 448 3023 et
467 2967 605 3042 quatuor
627 2961 662 3022 in
685 2960 854 3035 Nordfeld‚
877 2966 909 3023 et
931 2959 1010 3022 duas
1033 2959 1069 3020 in
1091 2957 1184 3019 Brin-

41 3058 174 3133 istona,³
199 3077 274 3122 cum
299 3065 378 3140 pert.
403 3059 479 3134 suia,
504 3059 575 3122 sine
606 3059 695 3122 omni
720 3059 822 3141 geldo,
847 3058 1052 3121 concedimus
1080 3056 1125 3120 eis
1152 3060 1184 3118 et

41 3158 127 3222 conf.
144 3157 178 3218 in
201 3157 292 3220 elem.
307 3164 503 3241 perpetuam.
550 3159 656 3234 Quare
671 3157 820 3220 volumus
836 3162 868 3221 et
884 3157 1017 3220 firmiter
1038 3154 1184 3238 praecipi-

43 3278 120 3321 mus
142 3262 180 3319 ut
202 3256 283 3320 bena
299 3258 381 3320 etin
403 3277 489 3339 pace,
504 3257 603 3321 libere
626 3262 658 3319 et
681 3256 853 3320 honorifice
875 3261 908 3319 et
924 3256 1031 3339 quiete
1053 3259 1185 3318 teneant

43 3355 197 3422 ecclesias
212 3360 244 3418 et
260 3356 399 3419 decimas
415 3363 447 3419 et
462 3356 536 3418 t'ras
560 3377 642 3431 suas,
657 3357 692 3419 in
707 3357 803 3420 bosco
818 3361 851 3419 et
866 3357 972 3438 plano,
987 3354 1022 3417 in
1036 3353 1136 3438 pratis
1153 3358 1185 3416 et

43 3455 198 3539 pasturis
213 3455 248 3515 in
263 3455 355 3537 aquis
378 3462 410 3518 et
432 3454 636 3531 molendinis,
651 3455 686 3517 in
701 3454 845 3517 mariscis
862 3462 895 3518 et
909 3454 1051 3532 vivariis,
1065 3459 1098 3517 et
1120 3454 1185 3536 pis-

44 3554 141 3618 cariis
164 3559 197 3615 et
217 3553 356 3615 exclusis
372 3560 404 3616 et
425 3553 555 3635 stagnis,
570 3554 653 3616 infra
672 3554 805 3635 burgam
828 3561 861 3616 et
883 3559 982 3630 extra,
998 3554 1033 3617 in
1055 3553 1132 3615 foris
1153 3557 1186 3614 et

43 3652 194 3728 feritam
217 3652 349 3715 civitate
373 3660 405 3714 et
427 3659 526 3728 extra,
540 3652 574 3714 in
597 3652 723 3715 forestis
738 3659 772 3715 et
795 3653 918 3731 divisis,
933 3655 968 3716 in
983 3653 1135 3717 vaccariis
1154 3657 1187 3715 et

44 3752 270 3827 heremitanis,
286 3752 320 3813 in
336 3753 397 3814 viis
420 3759 453 3814 et
476 3751 609 3828 semitis
625 3758 658 3817 et
680 3753 715 3814 in
737 3774 821 3816 omn.
837 3752 916 3816 locis
940 3759 972 3816 et
993 3755 1096 3830 rebus,
1112 3774 1186 3816 oum

44 3873 131 3915 omn.
145 3851 348 3913 libertatibus
361 3858 392 3914 et
404 3851 656 3933 quietationibus
668 3872 742 3915 cum
754 3852 872 3934 quibus
885 3852 999 3915 melius
1012 3859 1044 3915 ct
1055 3852 1186 3915 liberius

44 3958 222 4016 tenuerunt
238 3951 436 4032 temporibus
452 3950 609 4013 Willelmi
627 3952 732 4034 Regis,
747 3951 840 4013 abavi
855 3952 966 4026 nostri,
982 3957 1014 4015 et
1030 3949 1186 4012 Willelmi

46 4051 147 4132 Regis
172 4050 231 4111 filii
255 4050 332 4130 ejus,
355 4056 387 4112 et
415 4050 550 4113 Henrici
573 4051 668 4133 Regis
695 4051 806 4132 proavi
833 4051 943 4126 nostri,
971 4050 1030 4132 [et]
1057 4049 1186 4131 gloriosi

46 4149 146 4231 Regis
184 4149 330 4223 Henrioi,
360 4151 461 4231 patris
498 4150 606 4213 nostri.
667 4152 768 4212 Teste.
828 4150 866 4212 R.
897 4148 980 4212 And.
1018 4149 1184 4232 Episcopo.

46 4248 175 4314 Comite
200 4248 239 4310 de
267 4248 388 4311 Mellet.
434 4249 579 4312 Galfrido
606 4250 728 4312 Lostnr.
784 4248 960 4332 Reginaldo
987 4247 1025 4310 dc
1053 4248 1187 4324 Patell’,⁴

84 4385 94 4417 ¹
114 4385 150 4434 M.
165 4384 281 4436 assertis.
463 4382 473 4416 2
492 4386 528 4435 M.
543 4386 684 4451 reguardis.
859 4384 870 4418 ³
888 4387 925 4436 M.
940 4385 1149 4452 Briningestona.

83 4467 93 4499 ⁴
114 4468 185 4518 Note
196 4468 301 4532 Rogero
314 4468 346 4516 de
359 4467 466 4518 Pratell’
479 4473 508 4519 at
521 4469 572 4519 ond
586 4470 614 4518 of
627 4469 675 4519 No.
693 4472 751 4521 188.
