2866 5002
150 512 252 577 xxxvi
460 531 749 584 mraonuoroar
769 529 968 583 enarrans.

152 715 280 759 manere
310 697 486 778 cupientes,
516 697 634 779 quibus
665 716 722 779 ego
751 717 879 779 quoque
908 697 1101 777 conjunctus
1138 691 1276 755 habitum

151 801 270 858 sanctae
291 795 463 878 religionis,
478 796 539 858 soli
561 796 631 858 Deo
646 816 759 859 vacare
782 797 923 878 cupiens,
938 795 998 858 sub
1008 794 1088 875 ejus
1104 786 1276 874 magisterio

151 899 185 956 et
214 894 356 976 prioratu
385 895 419 955 in
447 894 558 958 eodem
584 894 655 958 loco
684 895 820 976 suscepi.
866 893 1013 957 Evolutis
1036 898 1147 955 autem
1177 886 1278 972 paucis

151 992 273 1069 diebuS,
302 993 402 1056 totius
432 993 622 1057 Monasterii
656 992 921 1076 procurationem,
955 991 1132 1073 lictifridus
1168 986 1278 1070 pariter

151 1091 320 1174 omnisque
360 1092 560 1175 congregatio
590 1091 693 1174 ipsius
734 1111 879 1155 annuens
915 1090 1050 1154 consilio
1080 1096 1114 1153 et
1142 1085 1279 1170 imperio,
1322 1098 1324 1105 ’

150 1190 232 1252 mihi
261 1191 492 1274 imposuerunt,
522 1210 558 1253 ac
588 1190 728 1266 demum,
757 1191 865 1253 nescio
894 1211 958 1273 quo
988 1189 1051 1252 Dei
1074 1186 1210 1271 judicio,
1234 1203 1278 1247 me

150 1289 292 1353 invitum
306 1289 427 1372 diuque
438 1295 679 1372 repugnantem,
694 1296 762 1352 tam
777 1289 872 1372 Regis
888 1295 1046 1371 praecepto
1061 1307 1161 1370 quam
1172 1282 1279 1348 Archi·

152 1389 374 1471 episcoporum
396 1388 638 1463 venerabilium,
660 1389 840 1470 Loafrouct
864 1387 1016 1451 videlicet
1040 1384 1279 1457 cantuariense,

154 1489 278 1551 17100000
294 1508 422 1570 quoque
437 1488 647 1564 Eboruccaat‘c,
663 1487 845 1550 obedientia
859 1486 1020 1550 Abbatem
1035 1486 1098 1549 sibi
1114 1484 1280 1568 elegerunt.

193 1587 324 1650 Electus
347 1586 448 1669 igitur
470 1605 528 1668 ego
542 1585 662 1662 Abbas,
678 1606 752 1649 cum
774 1585 892 1648 vellem
914 1584 1022 1648 locum
1043 1584 1139 1646 illum
1162 1582 1281 1646 noviter

149 1685 316 1768 inceptum
340 1684 506 1767 nullisque
532 1705 638 1747 rerum
660 1685 898 1747 mundanarum
919 1683 1099 1747 redditibus
1124 1683 1280 1754 refertum,

149 1783 327 1848 auxiliante
342 1784 493 1860 Domino,
516 1784 551 1846 in
572 1784 745 1866 pristinum
769 1784 922 1846 honorem
944 1802 1105 1859 renovare,
1121 1786 1281 1864 coeperunt

149 1883 252 1947 multa
275 1883 408 1947 adversa
430 1881 528 1965 hujus
551 1882 665 1944 mundi
687 1888 798 1946 contra
820 1902 873 1944 me
895 1901 1084 1956 excrescere,
1107 1886 1141 1944 et
1164 1880 1280 1944 deside·

148 1983 232 2045 rium
247 2004 356 2046 meum
371 2003 390 2045 a
405 1989 510 2064 coepto
526 2002 620 2064 opere
641 1981 808 2045 retardare.
853 1981 938 2044 Nam
953 1981 1085 2063 quidam
1105 2001 1147 2044 ex
1162 1979 1280 2043 baroni-

147 2081 208 2144 bus
223 2081 328 2164 regiis‚
343 2081 473 2143 nomine
494 2080 669 2143 Willclruus
684 2082 720 2143 dc
735 2081 867 2162 Pcrcay,1
876 2081 932 2164 qui
947 2080 1054 2144 locum
1068 2080 1180 2163 ipsum
1194 2079 1281 2142 nobis

148 2181 331 2254 donaverat,
352 2178 465 2240 videns
492 2177 599 2241 locum
626 2184 771 2242 nostrum
797 2200 901 2263 nuper
922 2179 1085 2242 desertum
1110 2179 1148 2241 in
1173 2176 1281 2241 multis

147 2277 317 2355 meliorari,
339 2277 443 2340 multa
466 2277 606 2353 adversa,
628 2284 697 2341 tam
718 2299 776 2361 per
804 2299 837 2342 se
873 2298 971 2361 quam
999 2299 1057 2362 per
1086 2299 1171 2354 suos,
1193 2277 1281 2341 nobis

147 2377 319 2459 ingerebat,
346 2397 383 2441 ac
406 2377 483 2440 boni
505 2379 666 2460 poenitens
689 2378 717 2441 si
739 2399 803 2460 quo
819 2379 913 2441 modo
938 2399 997 2442 nos
1020 2379 1059 2442 ab
1083 2399 1120 2441 eo
1148 2378 1281 2462 effugare

146 2476 249 2558 possit
263 2481 331 2540 arte
346 2497 411 2559 qua
425 2482 551 2558 poterat
570 2475 744 2540 laborabat.
788 2478 838 2539 Ex
854 2477 954 2540 altera
968 2498 1044 2541 vcro
1059 2483 1159 2560 parte,
1174 2478 1282 2560 piratae

146 2576 254 2651 maris,
269 2596 305 2640 ac
319 2576 459 2640 latrones
474 2576 622 2659 regionis,
637 2596 773 2658 quorum
788 2575 892 2639 multo
903 2584 982 2641 tunc
993 2577 1173 2641 habebatur
1186 2577 1283 2660 copia,

146 2673 242 2756 longe
263 2673 393 2757 lateque
416 2675 640 2750 discurrentes,
663 2675 755 2738 nobis
774 2675 844 2737 vim
863 2676 1052 2753 inferebant,
1074 2696 1148 2758 quae
1169 2676 1282 2739 habere

147 2779 330 2857 poteramus
346 2774 523 2856 rapiebant,
539 2781 636 2857 atque
658 2774 699 2837 ad
721 2774 876 2838 ultimum
899 2796 964 2838 una
986 2782 1079 2839 nocte
1095 2773 1283 2859 conglobati,

147 2873 233 2937 facto
255 2874 389 2957 impetu,
412 2894 522 2936 omnes
545 2895 603 2937 1100
625 2874 660 2936 111
676 2874 786 2956 fugam
808 2879 1039 2951 convertentes,
1055 2876 1164 2938 omnia
1177 2879 1283 2937 nostra

149 2974 360 3057 diripuerunt,
376 2994 412 3036 ac
431 2972 567 3037 sublatis
590 2974 748 3050 omnibus,
763 2975 920 3056 quosdam
941 2995 982 3038 ex
1003 2974 1097 3037 nobis
1119 2979 1231 3057 captos
1246 2973 1282 3036 ad

148 3074 273 3158 ignotas
289 3081 388 3138 terras
403 3074 630 3157 perduxerunt.
678 3074 728 3137 Ob
751 3094 850 3156 quam
872 3094 940 3137 rem
961 3093 1064 3156 usque
1087 3073 1128 3136 ad
1151 3080 1283 3137 mortem

148 3175 338 3251 contristati,
354 3174 526 3237 imminens
541 3173 721 3256 periculum
744 3173 853 3255 aliquo
877 3173 972 3237 modo
993 3175 1096 3237 vitare
1111 3173 1282 3257 cupientes,

149 3293 359 3355 quacumque
375 3273 467 3335 nobis
483 3272 618 3335 molesta
634 3279 725 3336 erant
744 3274 826 3357 Regi
840 3273 990 3336 intimare
1005 3273 1215 3349 decrevimus,
1229 3271 1282 3355 qui

149 3371 289 3454 benigno
304 3371 382 3432 satis
397 3378 434 3432 ut
450 3377 517 3433 erat
533 3372 747 3436 miserationis
763 3373 891 3448 affectu,
905 3372 1153 3436 necessitatibus
1168 3372 1282 3435 nostris

148 3474 278 3553 propter
292 3469 400 3532 Deum
416 3469 621 3551 compatiens,
636 3477 821 3555 promptum
844 3492 878 3535 se
898 3493 935 3535 ac
957 3471 1178 3534 voluntarium
1193 3471 1281 3543 nobis

149 3569 191 3633 ad
206 3567 463 3637 subveniendum
479 3569 634 3635 exhibuit.

194 3668 272 3730 Erat
284 3687 357 3730 vero
367 3688 432 3730 non
442 3668 536 3752 longe
548 3689 567 3731 a
578 3669 759 3752 Wyttebia2
770 3671 805 3733 in
816 3671 918 3753 ipsius
931 3671 1026 3753 Regis
1037 3670 1182 3733 dominio
1197 3670 1281 3734 locus

150 3766 292 3850 quidam,
307 3766 363 3849 qui
374 3773 507 3831 vocatur
518 3768 734 3851 Lestingham,
745 3777 816 3833 tum
832 3770 987 3833 nimirum
997 3789 1126 3845 vacans,
1137 3769 1195 3832 sed
1210 3768 1282 3832 011111

150 3866 378 3929 monachorum
393 3867 428 3930 in
444 3888 480 3931 00
496 3867 714 3931 habitantium
728 3869 911 3951 frequentia
923 3877 956 3933 et
970 3868 1124 3952 religione
1133 3868 1281 3952 egregius.

151 3966 251 4028 Hunc
265 3985 339 4048 ergo
361 3965 476 4043 locum,
492 3987 510 4029 a
526 3967 611 4050 Rege
627 3967 719 4030 nobis
743 3967 863 4044 datum,
880 3968 1037 4050 paulatim
1051 3973 1240 4043 restaurare,
1254 3969 1282 4028 et

151 4085 224 4147 quae
238 4064 431 4127 habitationi
443 4065 637 4128 monachicae
652 4072 743 4129 erant
754 4067 941 4142 necessaria,
953 4067 1109 4149 coepimus
1122 4066 1281 4137 aedificare,

151 4164 305 4246 quatinus
315 4163 437 4228 scilicet
446 4164 618 4248 praedictus
644 4165 831 4230 Williclmus
842 4166 879 4228 dc
896 4166 995 4249 Pcrcy
1009 4165 1044 4228 111
1059 4166 1154 4248 cujus
1169 4164 1281 4248 praedio

152 4265 362 4340 morabamur,
378 4263 431 4327 vel
445 4263 502 4326 alii
517 4284 553 4326 eo
570 4264 677 4328 minus
693 4264 786 4328 nobis
800 4265 934 4329 adversa
948 4265 1058 4348 aliqua
1073 4266 1194 4330 inferre
1209 4285 1282 4350 prae-

327 4398 336 4431 ¹
349 4400 445 4460 Parcet,
456 4417 484 4450 as
494 4400 549 4450 also
563 4402 590 4451 in
604 4401 692 4451 future
706 4418 778 4452 cases
790 4403 818 4452 01
829 4420 991 4454 occurrence.

325 4481 336 4514 ²
362 4483 504 4544 Witlrcbeia,
517 4501 546 4533 as
559 4484 614 4533 also
628 4484 654 4533 iu
668 4482 758 4535 future
771 4503 842 4536 cases
856 4487 884 4536 ol
897 4503 1059 4538 occurrence.
