2866 5002
325 556 599 608 CARTULARIUM
619 557 822 608 ABBA'PHIAE
840 559 893 608 DE
910 559 1095 611 WHITEBY.
1215 550 1275 609 117

132 721 387 797 successoribus,
410 726 443 784 et
465 721 592 784 illibata
614 730 832 804 permaneant.
878 724 1096 807 Quaecunque,
1117 730 1277 807 praeterea,

132 816 165 880 in
183 821 347 897 futurum,
362 820 519 903 largiente
541 820 621 896 Deo,
636 821 843 884 concessione
865 822 1069 900 Pontificum,
1084 823 1276 886 liberalitate

133 916 274 1002 Regum,
303 919 475 1002 largitione
501 919 702 1001 Principum,
740 920 903 984 oblatione
933 921 1088 997 fidelium,
1117 943 1175 986 seu
1204 922 1276 986 aliis

130 1015 229 1098 justis
246 1018 364 1094 modis,
378 1018 525 1102 poteritis
541 1018 687 1102 adipisci,
709 1019 802 1082 firma
825 1020 917 1083 vobis
944 1027 977 1084 et
1002 1021 1126 1105 integra
1152 1042 1277 1086 conser-

132 1124 254 1181 ventur
267 1141 275 1196 3
297 1117 387 1182 salva
398 1118 552 1180 nimirum
562 1117 724 1181 diocesani
736 1118 888 1201 Episcopi
899 1118 1028 1201 justitia
1043 1127 1076 1183 et
1090 1121 1275 1185 reverentia..

131 1215 351 1281 Decernimus
378 1237 451 1300 ergo
477 1222 516 1279 ut
538 1216 621 1279 nulli
644 1216 775 1280 omnino
798 1217 967 1280 hominum
988 1219 1085 1283 liceat
1106 1220 1276 1303 praefatum

131 1315 375 1379 Monasterium
389 1321 508 1379 temere
522 1316 717 1398 perturbare,
733 1322 789 1379 aut
811 1317 882 1399 ejus
904 1318 1122 1399 possessiones
1144 1320 1277 1396 auferre,

129 1415 183 1479 vel
207 1414 337 1478 ablatas
352 1415 499 1490 retinere,
513 1414 669 1491 minuere,
685 1414 738 1478 vel
760 1416 938 1479 temerariis
954 1417 1180 1482 vexationibus
1202 1419 1277 1482 fati-

129 1533 225 1596 gare:
253 1512 311 1575 sed
326 1513 434 1576 omnia
449 1513 574 1598 integra
589 1520 827 1590 conserventur,
843 1535 964 1590 eorum,
979 1536 1036 1597 pro
1051 1537 1190 1599 quorum
1205 1537 1275 1581 sus·

128 1612 318 1676 tentatione
329 1617 362 1675 et
372 1613 604 1695 gubernatione
615 1633 768 1677 concessa
779 1619 865 1691 sunt,
874 1614 988 1678 usibus
999 1616 1193 1680 omnimodis
1204 1638 1277 1700 pro·

128 1713 253 1776 lutura.
316 1711 350 1775 si
387 1713 469 1794 quis,
499 1718 617 1789 autem,
648 1713 724 1777 huic
761 1714 864 1777 nostri
901 1714 1125 1778 constitutioni
1163 1715 1277 1791 sciens,

128 1810 306 1877 temerario
337 1832 426 1888 ausu,
457 1812 615 1876 contrarie
646 1813 862 1895 temptaverit,
899 1813 964 1876 nisi
993 1813 1276 1896 praesumptionem

128 1933 226 1976 suam
243 1910 343 1994 digna
358 1910 580 1975 satisfactione
596 1913 778 1989 correxerit,
793 1912 1011 1976 anathematis
1026 1913 1220 1976 sententiam
1243 1935 1277 1978 se

127 2011 264 2074 noverit
279 2010 491 2074 incursurum.
537 2012 662 2074 Datum
677 2012 827 2077 Laterani
841 2033 871 2076 v.
887 2012 967 2075 Idus
982 2012 1178 2076 Decembris.

212 2248 363 2313 CXLIX.
388 2250 612 2312 Parvrnscruu
628 2265 671 2311 nn
686 2249 835 2312 Warsnr
850 2264 1001 2312 rsuroas
1017 2251 1200 2313 Bsnsnrcrr

628 2349 785 2413 Aesaris.

176 2482 367 2567 Eugenius1
396 2483 585 2566 Episcopus,
615 2484 734 2548 Servus
765 2505 929 2549 servorum
956 2484 1028 2562 Dei,
1051 2485 1178 2550 dilectis
1200 2486 1276 2549 filiis

133 2580 337 2659 Benedicta,2
350 2583 471 2646 Abbati
486 2584 677 2647 Monasterii
692 2585 722 2648 S.
739 2584 828 2648 Petri
843 2590 876 2649 et
899 2585 928 2649 S.
946 2585 1055 2648 Hildae
1070 2585 1110 2650 de
1125 2585 1277 2668 Wyteby,

133 2686 274 2768 ejusque
290 2682 450 2757 fratribus,
473 2689 540 2744 tam
564 2703 653 2764 praes.
672 2703 769 2765 quarn
792 2683 860 2760 fut,
876 2684 1052 2767 regularem
1076 2685 1179 2748 vitam
1204 2705 1277 2766 pro·

133 2783 228 2847 fessis
252 2782 288 2844 in
310 2789 511 2864 perpetuum.
556 2783 623 2845 Piae
645 2782 821 2864 postulatio
837 2782 1017 2845 voluntatis
1040 2783 1156 2846 effectu
1180 2783 1277 2847 debet

132 2887 350 2965 prosequente
387 2881 549 2964 compleri,
579 2887 617 2944 ut
654 2881 835 2945 devotionis
873 2881 1042 2945 sinceritas
1071 2881 1277 2945 laudabiliter

130 2981 299 3054 enitescat,
329 2986 362 3042 et
398 2980 524 3042 utilitas
558 2979 720 3062 postulata
749 2980 834 3043 vires
871 2979 1094 3042 indubitanter
1124 2987 1274 3043 assumat.

134 3080 305 3157 Quocirca,
335 3078 445 3142 dilecti
470 3080 505 3141 in
530 3080 615 3142 D’no
641 3079 710 3155 filii,
734 3079 851 3143 vestris
878 3078 976 3160 justis
1002 3077 1275 3160 postulationibus
1376 3108 1377 3112 ¹

132 3178 310 3242 clementer
324 3178 507 3254 annuimus,
523 3184 555 3240 et
570 3179 742 3260 praelatum
758 3180 787 3242 S.
798 3177 888 3240 Petri
905 3177 1150 3253 Monasterium,
1160 3178 1195 3239 in
1211 3199 1275 3260 quo

131 3277 247 3340 divino
262 3277 439 3358 mancipati
461 3278 539 3340 estis
555 3277 717 3359 obsequio,
732 3277 793 3340 sub
810 3277 844 3340 B.
861 3276 950 3339 Patri
973 3281 1005 3339 et
1027 3281 1137 3340 nostra
1151 3284 1274 3361 protec-

134 3377 224 3440 tione
241 3375 446 3458 suscipimus,
461 3383 495 3438 et
517 3376 686 3458 praesentis
709 3376 821 3458 scripti
843 3375 1012 3458 privilegio
1029 3378 1274 3454 communimus,

132 3481 315 3539 statuentes
347 3482 392 3551 ut,
423 3496 645 3558 quascumque
681 3476 909 3557 possessiones
939 3496 1151 3559 quaecumque
1188 3478 1271 3541 bona

133 3576 222 3639 idem
243 3575 480 3637 Monasterium
500 3576 589 3657 juste
611 3582 644 3637 et
658 3575 811 3638 canonice
826 3576 978 3657 possidet,
993 3582 1050 3638 aut
1072 3577 1106 3638 in
1126 3578 1272 3641 futurum

132 3674 340 3738 concessione
355 3674 562 3748 Pontificum,
577 3672 747 3756 largitione
763 3674 897 3757 Regum,
908 3675 960 3736 vel
974 3675 1171 3757 Principum,
1187 3677 1273 3740 obla·

132 3775 224 3836 tione
240 3772 392 3850 fidelium,
408 3793 462 3835 seu
481 3771 554 3835 aliis
581 3770 661 3855 (31¹³)
684 3772 783 3854 justis
807 3772 918 3849 modis,
934 3780 1108 3855 praestante
1123 3775 1273 3851 Domino,

169 3922 178 3954 ¹
198 3923 399 3989 Eugenius111.,
415 3925 574 3975 1145-1153.

167 4006 179 4038 ‘²
197 4007 333 4067 Nicholas,
346 4006 368 4056 it
381 4007 404 4055 is
416 4006 507 4071 nearly
520 4005 629 4069 certain,
643 4023 698 4056 was
710 4006 803 4057 Abbot
815 4006 872 4057 still
884 4007 912 4056 in
927 4008 994 4058 1132
1008 4011 1061 4069 (see
1079 4007 1130 4057 Mr.
1144 4007 1272 4074 Hodgson

132 4089 246 4140 Hinde's
254 4089 362 4139 Preface
372 4094 401 4139 to
410 4089 518 4153 Symeon
525 4089 557 4151 os
562 4089 692 4151 Dardana,
703 4089 754 4141 vol.
765 4090 781 4142 i.
793 4107 817 4155 p.
828 4090 910 4152 xxxi),
919 4089 969 4140 but
978 4090 1038 4139 how
1047 4089 1110 4155 long
1117 4088 1187 4138 after
1196 4089 1272 4140 there

130 4192 176 4223 are
190 4189 225 4223 no
238 4188 330 4222 means
343 4172 370 4221 ol
381 4172 564 4238 ascertaining.
602 4172 700 4238 Young
712 4175 746 4238 (p.
760 4174 822 4233 259)
833 4188 894 4237 says
907 4171 934 4222 ol
945 4171 1057 4220 him-“
1067 4170 1109 4219 Ho
1121 4185 1231 4233 appears
1243 4175 1272 4221 to

131 4256 201 4305 have
213 4254 348 4321 gevemed
360 4253 407 4303 the
419 4259 574 4319 monastery
587 4254 669 4304 about
682 4258 769 4304 tenor
782 4255 879 4305 twelve
896 4253 998 4319 years,'’
1010 4253 1060 4302 but
1078 4251 1112 4301 ha
1125 4251 1224 4318 assigna
1237 4271 1271 4304 no

132 4356 225 4390 reason
238 4355 269 4388 or
280 4337 385 4403 ground
404 4337 445 4387 lor
457 4339 520 4387 such
534 4353 568 4387 an
587 4337 759 4402 assumption.
796 4338 851 4387 But
872 4353 901 4387 as
923 4336 969 4386 the
990 4335 1052 4386 data
1073 4335 1101 4384 ol
1122 4334 1272 4388 Benadict’s

132 4420 393 4489 resignation-vin,
409 4420 536 4472 illa-is
549 4420 655 4482 know,
670 4419 716 4470 tha
728 4419 791 4471 date
803 4418 831 4469 of
848 4419 896 4469 tha
907 4421 1016 4484 present
1028 4416 1212 4468 confirmation
1224 4419 1272 4471 lies

133 4505 256 4556 between
272 4505 341 4554 1145
354 4503 407 4552 and
421 4504 496 4554 1148.
