2866 5002
339 542 610 593 CARTULARIUM
628 543 830 594 ABBATHIAE
846 544 895 596 DE
912 545 1098 598 WHITEBY.
1229 539 1289 596 213

144 705 253 770 trevis
283 726 468 769 carucarum
495 707 534 770 de
559 708 704 790 Wyteby
726 709 761 770 in
789 707 877 772 hunc
906 710 1177 776 modum-videl.
1204 712 1291 795 quod

146 804 234 868 dicti
248 805 359 869 Abbas
375 811 407 868 et
422 827 506 870 mon.
529 807 569 870 de
584 806 727 889 Wyteby·
742 826 799 889 pro
822 808 922 871 trevis
938 809 977 873 de
1000 809 1150 874 omnibus
1169 811 1292 875 carucis

145 905 230 980 suia,
245 924 324 986 quas
350 903 470 967 habent
484 904 538 968 vel
562 905 705 968 habituri
731 910 816 982 sunt,
832 906 958 970 solvent
981 908 1116 992 singulis
1140 909 1234 973 annis
1255 908 1292 971 in

146 1002 292 1066 crastino
304 1004 333 1066 S.
344 1002 482 1066 Andreae
490 1003 648 1086 Apostoli,
654 1004 741 1086 apud
752 1004 938 1068 Thornetun
946 1007 1043 1088 juxta
1054 1007 1216 1092 Pikering,
1228 1007 1292 1071 duo

145 1101 286 1184 mil[l]ia
295 1102 403 1166 alleois
418 1101 536 1166 boniet
547 1102 700 1186 pacabilis
712 1102 748 1165 in
758 1109 950 1186 perpetuum
964 1107 1125 1189 praedictis
1135 1108 1291 1192 Magistro

145 1208 185 1266 et
199 1201 369 1265 fratribus:
389 1202 436 1265 ita
450 1201 536 1284 quod
550 1202 710 1264 immunes
734 1207 827 1265 erunt
841 1205 1010 1268 memorati
1024 1206 1135 1270 Abbas
1150 1212 1183 1271 et
1197 1228 1291 1284 mon,

147 1322 211 1386 pro
237 1301 297 1364 hac
323 1301 535 1378 concessione,
561 1321 580 1364 a
610 1301 815 1384 praestatione
840 1307 1004 1366 travarum
1030 1304 1066 1367 in
1090 1312 1291 1390 perpetuum,

148 1401 253 1466 salvis
268 1402 363 1484 praed.
379 1401 535 1485 Magistro
557 1406 591 1464 et
612 1401 764 1464 fratribus
779 1400 903 1485 integre
925 1407 958 1465 et
979 1403 1122 1486 plenarie
1136 1405 1236 1468 travia
1251 1404 1291 1468 de

148 1501 276 1564 carucis
298 1501 466 1564 hominum
488 1507 521 1562 et
542 1499 726 1562 tenentium
741 1498 899 1562 dictorum
921 1501 1058 1564 Abbatis
1081 1508 1114 1565 et
1136 1502 1234 1566 Conv.
1251 1502 1291 1565 de

148 1600 304 1683 Wy'teby.
349 1599 384 1663 Si
410 1604 519 1663 autem
544 1599 710 1681 contingat
725 1598 811 1680 quod
837 1599 960 1681 aliquas
982 1604 1081 1664 terras
1103 1599 1144 1663 ad
1166 1600 1291 1663 firmam

149 1700 306 1782 ceperint,
320 1699 373 1762 vel
396 1700 435 1762 de
450 1719 533 1761 novo
555 1697 789 1781 adquisierint,1
805 1697 977 1780 dequibus
999 1699 1132 1763 bladum
1159 1699 1188 1765 S.
1204 1700 1309 1763 Petri.

150 1798 316 1881 percipere
331 1797 556 1862 consueverint
572 1796 736 1879 saepedicti
748 1796 904 1879 Magister
919 1802 952 1860 et
965 1797 1087 1875 fratres,
1103 1797 1142 1861 de
1157 1797 1292 1883 singulis

149 1897 277 1961 caruois
302 1903 401 1961 terras
431 1897 504 1960 illas
538 1896 727 1972 colentibus
757 1895 898 1979 singulas
928 1900 1035 1960 travas
1069 1918 1192 1962 annuas
1221 1917 1292 1981 per·

151 1996 282 2061 solvent
306 1996 401 2079 praed.
416 1996 525 2058 Abbas
541 2002 573 2058 et
587 1993 750 2070 Monachi,
764 1993 818 2057 vel
838 1994 916 2058 alias
943 1995 1149 2060 satisfaciant.
1193 1996 1237 2059 Et
1251 2015 1293 2059 11

151 2095 265 2178 aliquo
287 2116 361 2159 casu
384 2096 419 2157 in
440 2095 500 2158 hac
523 2094 682 2158 solutione
705 2113 827 2157 cessare
849 2099 1053 2176 praesumant,
1072 2093 1292 2178 jurisdictioni

151 2195 280 2258 Decani
289 2202 321 2258 et
334 2194 477 2278 Capituli
487 2192 735 2256 Eboracensium
747 2212 780 2255 se
792 2193 996 2275 subjecerunt
1007 2193 1171 2277 saepedicti
1181 2194 1292 2257 Abbas

151 2301 186 2358 et
211 2293 309 2358 Gonu.
329 2294 368 2357 de
390 2293 541 2375 Wyteby,
564 2290 779 2374 appellatione
801 2298 931 2367 remota,
947 2297 984 2354 ut
1004 2292 1045 2355 ad
1066 2293 1127 2356 hoc
1153 2291 1293 2375 compel-

104 2472 107 2481 1
150 2395 271 2458 lantur.
315 2395 356 2457 In
381 2394 479 2476 hujus
502 2397 611 2455 autem
633 2390 874 2473 compositionis
896 2391 993 2454 robur
1014 2397 1047 2455 et
1068 2392 1291 2455 testimonium

105 2542 128 2579 :⁴
152 2495 315 2558 dictorum
330 2492 468 2555 Abbatis
490 2498 523 2554 et
547 2491 654 2566 Oonv,
670 2497 702 2552 et
724 2489 873 2573 Magistri
895 2498 928 2554 et
950 2491 1086 2554 fratrum
1101 2491 1292 2575 Hospitalis,

106 2643 111 2680 ᾗ
152 2614 280 2657 necnon
295 2591 419 2656 Decani
442 2596 474 2654 et
490 2589 633 2674 Capituli
647 2589 750 2666 Ebor,
766 2609 871 2652 coram
894 2590 1011 2672 quibus
1033 2591 1102 2653 haec
1122 2595 1193 2653 1111
1207 2593 1293 2665 sunt,

109 2757 111 2764 ,
152 2693 229 2756 huic
245 2692 364 2775 scripto
379 2690 485 2774 sigilla
499 2693 576 2753 sunt
591 2687 745 2771 apposita.

285 2917 495 2981 CCLXVIII.
519 2917 695 2979 Haurucus
711 2931 833 2978 ramus
849 2930 892 2975 on
908 2914 1156 2976 maurannus

643 3029 702 3110 [ll.
722 3027 805 3110 153.]

104 3163 114 3172 '¹
195 3168 369 3243 Henricus,
380 3168 450 3230 Rex
462 3166 597 3250 Angliae,
608 3165 795 3247 Archiep’is,
807 3164 903 3245 Ep’is,
913 3162 1102 3239 Comitibus,
1114 3161 1290 3224 Baronibus

148 3274 171 3336 J
175 3268 358 3343 usticiariiS,
379 3265 640 3340 Vicecomitibus‚
663 3264 825 3327 Ministris
849 3270 881 3326 et
902 3284 985 3327 omn.
1010 3260 1193 3344 Praepositis
1216 3260 1293 3336 suis,

148 3370 300 3433 salutem.
345 3365 461 3429 Sciatis
487 3385 538 3428 mc
565 3384 651 3426 conc.
674 3369 707 3427 11
733 3363 815 3427 conf.
837 3364 907 3426 Deo
930 3368 963 3426 et
984 3362 1069 3426 Eccl.
1093 3361 1123 3425 S.
1147 3362 1181 3425 P.
1205 3366 1238 3425 et
1261 3361 1291 3424 S.

148 3469 264 3532 Hildae
295 3467 333 3529 dc
359 3466 510 3548 Wy'teby‚
537 3476 570 3526 11
599 3483 681 3525 mon.
712 3463 753 3525 ib.
783 3464 854 3526 Deo
881 3483 970 3540 seru,
999 3462 1133 3548 [o]mnes
1159 3462 1233 3526 t’ras
1259 3467 1293 3525 et

148 3567 304 3633 ecclesias
320 3570 352 3628 et
363 3564 511 3639 decimas,
524 3569 556 3626 et
571 3583 681 3625 omnes
695 3562 910 3643 possessiones
923 3583 1002 3645 quas
1018 3562 1087 3625 Rex
1099 3562 1292 3638 Willelmus,

147 3674 245 3751 pater
259 3669 404 3741 incuset
419 3664 488 3726 Rex
497 3661 692 3737 Willelmus,
702 3661 799 3724 frater
810 3681 909 3737 meus,
918 3662 1020 3725 eidem
1032 3661 1117 3724 Eccl.
1128 3660 1295 3736 dederunt,

147 3777 182 3832 et
192 3787 253 3849 per
261 3771 363 3827 cartas
376 3783 448 3826 suas
461 3762 738 3836 confirmaverunt,
749 3761 785 3823 in
795 3781 882 3843 perp.
894 3761 1109 3825 elemosinam.
1154 3761 1292 3842 Insuper

146 3873 262 3932 autem
284 3862 422 3927 concedo
445 3866 477 3924 et
500 3861 650 3924 confirmo
672 3861 768 3942 praed.
790 3860 875 3924 Eccl.
898 3867 930 3924 et
956 3881 1039 3923 mon.
1063 3859 1207 3942 ejusdem
1228 3857 1292 3920 loci

145 3973 282 4049 portum
298 3963 404 4038 maria,
419 3961 516 4024 simul
536 3982 609 4023 cum
632 3960 710 4043 alga,
727 3966 848 4023 etcum
871 3959 1019 4022 omnibus
1034 3978 1107 4040 quae
1128 3957 1292 4038 pertinent

146 4067 189 4129 ad
214 4069 345 4147 portum
366 4061 462 4123 maris
484 4060 570 4142 apud
585 4060 726 4142 Wy'tebi.
770 4060 813 4121 Et
828 4060 900 4122 volo
924 4064 956 4120 et
977 4055 1127 4140 praecipio
1142 4060 1180 4117 ut
1194 4053 1291 4136 praed.

145 4162 308 4230 Monachi
331 4161 438 4223 omnia
464 4161 526 4223 ista
549 4160 710 4242 praedicta,
732 4165 765 4221 11
788 4158 896 4226 omnia
926 4156 989 4220 alia
1014 4158 1199 4219 tenementa
1224 4173 1292 4230 sua,

143 4267 294 4332 habeant
317 4268 350 4324 et
372 4266 512 4337 teneant,
533 4262 614 4324 bene
645 4265 677 4322 11
706 4259 741 4321 11
770 4280 856 4341 paee,
882 4258 982 4321 libere
1012 4261 1044 4320 et
1074 4255 1190 4338 quiete,
1217 4274 1292 4317 cum

142 4364 304 4435 omnibus
325 4362 529 4425 libertatibus
552 4366 584 4424 et
606 4359 857 4443 quietationibus
881 4377 961 4440 quas
980 4357 1079 4421 habet
1099 4353 1243 4419 Ecclesia
1262 4354 1293 4420 S.

614 4496 623 4529 ¹
643 4498 824 4562 adquisierant.
