2866 5002
237 542 509 595 GARTULARIUM
527 543 730 596 ABBATHIAE
748 545 797 596 Da
815 540 999 598 WHITEBY.
1130 533 1190 592 253

51 707 172 772 Amen.
218 708 331 775 Coram
344 709 444 784 vobiS,
456 709 540 771 D'no
553 709 690 772 Officiali
704 709 808 774 Curiae
817 707 1036 785 Eboracensis,
1047 715 1193 772 vestrove

53 806 283 872 commissario
294 807 453 883 Generali,
465 807 553 883 dicit,
568 808 603 869 in
615 808 687 890 jura
702 808 860 891 proponit,
872 809 1063 870 Procurator
1074 805 1194 888 Religi-

53 926 184 970 osorum
199 905 349 982 virorum,
364 905 501 969 Abbatis
525 911 557 968 11
573 905 671 969 Conv.
689 906 804 969 Mon’ii
825 906 866 969 de
881 905 1046 987 Whiteby‚
1062 904 1193 968 Ordinis

54 1005 87 1069 S.
113 1005 272 1081 1.,1111.
296 1005 465 1080 dioceseos,
492 1003 567 1068 eccl.
589 1003 715 1086 paroch.
742 1004 782 1068 de
805 1005 925 1080 Semar,
948 1001 1032 1088 (col)
1050 1002 1194 1086 ejusdem

54 1103 228 1179 dioceseos,
243 1102 333 1165 salva
353 1102 500 1184 portione
518 1101 645 1165 vicariae
667 1104 702 1165 in
724 1103 795 1186 ipsa
816 1102 949 1167 ecclesia
970 1102 1133 1178 ordinatae,
1148 1101 1194 1164 eis

54 1207 91 1266 et
114 1221 224 1265 eorum
249 1201 370 1264 Mon’io
397 1201 548 1264 canonice
575 1201 703 1264 unitam
717 1209 750 1264 11
772 1222 940 1277 annexam,
962 1201 997 1264 in
1020 1221 1097 1264 usus
1120 1221 1195 1264 suos

53 1300 202 1385 proprios
214 1299 438 1382 optinentium,
451 1301 582 1364 nomine
597 1301 813 1382 procuratorio
824 1320 882 1383 pro
894 1299 1015 1363 eisdem
1026 1299 1195 1383 Religiosis

55 1421 95 1464 ac
111 1400 233 1463 Mon'io
249 1404 281 1462 11
296 1398 429 1462 ecclesia
444 1400 511 1462 suis
526 1399 696 1482 praedictio,
709 1406 819 1463 contra
827 1400 950 1462 D’num
964 1399 1140 1463 Robertum
1156 1398 1195 1461 de

55 1499 228 1582 Segbroke,
253 1504 446 1580 perpetuum
470 1499 637 1561 Vicariunr
664 1498 806 1564 ecclesiae
832 1499 872 1561 de
898 1498 1011 1560 Semar
1034 1496 1141 1580 praed,
1163 1503 1197 1560 at

54 1603 170 1662 contra
191 1597 367 1678 quemlibet
388 1617 445 1678 pro
467 1597 579 1660 eodem
601 1617 708 1660 coram
732 1597 824 1677 vobis
851 1597 886 1658 in
904 1595 1027 1677 judicio
1052 1595 1197 1678 legitime

56 1701 305 1780 comparentem,
331 1696 427 1778 quod,
453 1716 494 1759 ex
524 1697 677 1760 canonica
706 1696 907 1760 ordinatione
937 1694 1040 1777 ipsius
1069 1694 1196 1757 vicariae

56 1795 249 1861 auctoritate
264 1795 439 1882 apostolica
461 1795 555 1870 facta,
571 1795 689 1858 solutio
705 1795 850 1858 omniurn
872 1792 1198 1859 extraordinariorum

55 1915 323 1978 quorumcunque
338 1893 443 1975 ipsam
465 1882 633 1957 ecclesiam
649 1894 916 1977 qualitercunque
931 1891 1197 1975 contingentium,

56 2016 101 2059 ex
116 2000 229 2076 quarta
244 1999 335 2075 parte
350 1993 524 2055 taxationis
540 1993 684 2075 ejusdem
699 1993 849 2069 ecclcsiae,
862 1992 903 2055 ad
918 1992 1022 2074 ipsam
1036 1991 1198 2067 vicariam,

57 2099 93 2156 et
109 2112 218 2155 omnes
241 2091 375 2154 vicarios
398 2091 543 2173 ejusdem
566 2091 623 2174 qui
637 2092 801 2155 fueranta
822 2097 966 2174 tempore
987 2089 1198 2154 ordinationis

57 2192 212 2277 predictae
226 2190 363 2267 vicariae,
386 2195 418 2254 11
434 2197 529 2254 erunt
551 2191 749 2273 temporibus
764 2212 821 2274 pro
844 2190 971 2266 futuris,
987 2189 1144 2273 pertinuit
1166 2194 1199 2252 et

56 2291 201 2374 pertinet
212 2295 245 2353 et
255 2289 414 2371 pertinere
426 2289 611 2366 dinoscitur,
620 2291 749 2373 ipsique
760 2290 874 2354 vicarii
886 2290 1028 2354 ecclesiae
1037 2289 1077 2354 de
1090 2289 1200 2353 Semar

57 2390 103 2454 ad
125 2388 291 2452 subeunda
305 2395 338 2452 et
360 2387 513 2452 solvenda
529 2390 637 2452 omnia
658 2390 911 2454 extraordinaria
934 2389 1126 2473 supradicta,
1141 2409 1199 2471 pro

58 2494 177 2572 quarta
191 2493 280 2571 parte
302 2487 816 2573 1111111111,1111111111111181111
836 2510 894 2572 pro
910 2490 977 2554 suis
993 2488 1200 2573 temporibus

57 2609 118 2672 pro
133 2595 277 2669 tempora
292 2587 477 2669 supradicta
486 2611 494 2665 ;
516 2593 548 2650 11
564 2586 670 2650 dictus
684 2589 787 2652 D’nus
803 2588 971 2665 Robertus‚
983 2589 1131 2660 vicarius,
1142 2606 1200 2670 pro
1257 2631 1259 2635 .

58 2695 204 2769 tempore
225 2706 282 2748 suo
308 2690 446 2761 tenetur,
472 2687 580 2769 vigore
605 2687 815 2751 ordinationis
841 2688 1019 2770 praedictae;
1049 2686 1200 2770 quodque

59 2785 167 2851 clerus
178 2785 308 2847 Eborac.
321 2784 490 2861 dioceseos,
503 2785 587 2848 inter
601 2785 685 2848 festa
698 2786 727 2849 S.
739 2785 878 2848 Andreae
889 2791 922 2849 11
933 2785 1051 2848 natalis
1067 2785 1202 2848 Domini

59 2883 178 2948 ultime
200 2883 371 2966 praeterita,
402 2883 567 2966 quoddam
600 2884 921 2948 subsidium—videl.
952 2882 1031 2946 duas
1061 2882 1201 2947 decimas

59 2989 278 3067 proventuum
308 2982 453 3044 omniurn
483 2982 711 3046 beneficiorum
742 3002 873 3045 suorum
903 2981 1201 3058 ecclesiasticorum,

60 3081 241 3147 secundum
256 3102 374 3144 novam
389 3087 499 3144 taxam
514 3082 694 3144 eorundum
708 3081 743 3143 in
758 3101 854 3163 regno
869 3079 998 3163 Angliae
1012 3085 1202 3158 currentem,

61 3181 234 3246 solvendas
249 3181 290 3243 ad
305 3180 385 3244 duos
401 3181 556 3243 terminos
572 3201 591 3243 a
606 3181 663 3244 diu
679 3180 821 3256 effluxoS,
836 3185 967 3263 propter
988 3178 1090 3261 ipsius
1111 3180 1202 3262 regni

61 3280 291 3353 defensionem,
305 3299 404 3341 unam
419 3279 454 3341 in
470 3299 527 3342 suo
543 3300 701 3343 consensu
718 3279 893 3343 liberaliter
908 3278 1074 3355 concessit,
1089 3280 1202 3362 praefa-

61 3388 117 3442 tus
138 3385 247 3440 tamen
270 3378 373 3440 D'nus
394 3377 553 3440 Robertus
576 3378 615 3441 de
637 3378 805 3461 Segbroke,
828 3378 886 3461 qui
908 3377 1028 3441 dictam
1050 3377 1203 3443 vicariam

61 3477 207 3541 ecclesiae
222 3476 262 3539 de
285 3477 402 3552 Semar,
418 3475 457 3537 ad
474 3475 684 3559 quadraginta
705 3497 828 3541 marcas
844 3477 1070 3561 sterlingarum
1090 3498 1203 3542 secun-

61 3577 143 3639 dum
153 3596 271 3638 novam
280 3579 390 3638 taxarn
400 3579 527 3651 taxatae,
538 3595 596 3657 par
606 3596 708 3638 unum
721 3596 843 3639 annum
851 3577 1013 3661 integrum
1022 3584 1055 3640 et
1064 3577 1203 3660 amplius

63 3674 189 3739 notarie
216 3674 364 3750 detinuit,
391 3674 568 3756 occupavit,
595 3680 628 3737 11
652 3681 787 3758 occupat
813 3676 848 3738 in
873 3677 1025 3759 praesenti
1054 3683 1204 3759 quartam

62 3779 190 3857 partem
212 3772 291 3835 dicti
314 3773 458 3848 subsidii,
474 3773 567 3835 dictae
583 3773 725 3837 ecclesiae
740 3774 780 3837 de
803 3774 932 3838 Samara
954 3774 1078 3837 notorie
1097 3774 1203 3838 oneris

63 3871 319 3947 extraordinarii,
349 3872 479 3935 nominc
509 3871 637 3935 vicariae
658 3893 732 3936 suae
759 3873 958 3955 supradictae,
988 3891 1060 3954 quae
1089 3877 1204 3954 quarta

63 3993 139 4055 pars
158 3971 226 4054 (91)
240 3971 281 4034 ad
296 3971 376 4034 duas
391 3991 514 4035 marcas
529 3972 654 4053 argenti
668 3973 793 4036 notarie
809 3992 842 4036 se
854 3971 1010 4047 extendit,
1025 3990 1203 4053 agnoscere,

65 4072 174 4136 subire
201 4077 233 4133 11
259 4071 381 4134 solvere
404 4077 438 4133 11
462 4069 633 4133 tenebatur
654 4078 687 4134 11
708 4077 846 4146 tenetur,
869 4089 1006 4152 congrue
1028 4070 1203 4152 requisitus

66 4191 132 4233 non
156 4169 290 4245 curavit,
305 4189 409 4252 neque
432 4175 532 4245 curat,
554 4168 611 4232 sed
633 4168 693 4232 hoc
709 4170 812 4232 facere
834 4186 991 4250 expresse,
1007 4167 1148 4230 indebite
1170 4173 1204 4232 et

66 4271 198 4353 injuste,
208 4268 242 4329 in
258 4268 400 4350 ipsorum
412 4267 548 4330 Abbatis
565 4273 596 4330 et
612 4267 710 4331 Conv.
723 4265 946 4349 praejudicium
962 4286 1027 4328 non
1041 4265 1204 4330 modicum

67 4378 100 4434 11
112 4371 291 4450 jacturam3
314 4389 386 4450 quae
401 4371 477 4430 sunt
492 4366 630 4448 publica,
646 4366 770 4429 notaria
785 4370 817 4428 et
832 4363 1004 4428 manifesta
1022 4364 1058 4426 in
1073 4364 1203 4432 civitate

68 4469 230 4532 dioceseos
253 4466 344 4530 Ebor.
373 4472 405 4530 et
435 4465 513 4528 locis
542 4463 695 4548 (vicinis),
722 4470 754 4527 11
783 4463 965 4548 superbiis
988 4463 1146 4530 laboravit
1171 4470 1205 4531 et
