2910 5002
288 513 350 569 332
471 522 740 575 GAETULARIUM
759 522 966 574 ABBATHIAE
983 523 1032 573 DE
1050 523 1239 575 WHITEBY.

286 686 508 751 —Ecclesiam
531 689 624 752 Omn.
648 689 754 752 Senot.
778 688 818 752 de
840 688 1053 772 Fischergate,
1074 708 1151 752 cum
1173 688 1323 752 omnibus
1340 694 1407 772 pert.

287 787 363 863 suis,
389 807 486 869 quam
513 787 643 851 dederat
670 787 795 851 Serloni
825 787 929 851 Priori
954 793 988 852 et
1014 787 1138 851 Mon’io
1164 787 1206 852 de
1230 788 1363 871 Whitby
1380 789 1409 850 in

287 886 494 949 elemosinam
514 884 722 968 perpetuam.1
760 878 817 949 ¹En
838 886 922 951 dono
944 887 1080 952 Domini
1098 887 1283 972 Gemegote
1303 888 1370 972 [aa
1382 909 1411 949 os

287 985 325 1047 in
339 986 387 1046 tha
402 985 578 1061 Mamerto,
592 1005 645 1067 pp.
663 990 692 1062 5,
708 985 748 1070 6].

594 1147 843 1212 CCCLXXXV.
867 1148 931 1229 (No
944 1147 1105 1232 heading.)

330 1282 514 1360 Henricus,2
535 1284 606 1346 Rex
623 1284 747 1367 Angliae
763 1289 795 1347 et
810 1285 889 1347 Dux
910 1284 1118 1349 Normanniae
1132 1291 1167 1350 et
1185 1286 1375 1370 Aquitania,
1387 1295 1414 1352 et

288 1383 402 1447 Comes
422 1382 628 1466 Andegaviae,
641 1382 830 1466 Archiep'is,
840 1383 938 1466 Ep’is,
952 1383 1046 1460 Abb.
1060 1384 1172 1462 Prior,
1188 1385 1289 1464 Gom,
1305 1387 1415 1461 Boron..

287 1483 310 1546 J
313 1481 414 1557 ustio,
434 1481 604 1557 Vicecom,
631 1481 801 1558 Ministris,
827 1481 1011 1565 Praepositis
1037 1486 1070 1546 et
1099 1483 1253 1549 omnibus
1279 1485 1415 1549 fidelibus

288 1580 364 1656 suis,
386 1581 517 1643 Francis
540 1585 573 1643 et
589 1579 714 1664 Anglis,
729 1579 875 1644 salutem.
920 1580 1037 1644 Sciatis
1058 1602 1111 1645 me
1133 1602 1275 1649 concess.
1291 1592 1324 1648 et
1344 1585 1414 1648 conf.

287 1680 374 1762 regia
385 1680 574 1743 auctoritate
589 1680 660 1742 Deo
682 1684 715 1742 et
739 1679 891 1744 Ecclesiae
906 1680 937 1744 S.
952 1679 988 1745 P.
1003 1685 1038 1744 et
1052 1680 1082 1745 S.
1099 1681 1211 1745 Hildae
1226 1683 1268 1747 de
1282 1683 1416 1766 Whitby‚

288 1784 321 1842 et
340 1779 461 1841 Abbati
484 1778 713 1861 monachisque
734 1778 781 1841 ibi
801 1778 872 1842 Deo
895 1799 984 1857 serv,
1004 1779 1220 1864 omnibusque
1242 1781 1416 1846 hominibus

288 1878 392 1941 cidem
420 1877 505 1941 Eccl.
528 1877 773 1960 pertinentibus,
794 1898 906 1942 omnes
927 1877 1091 1943 libertates
1117 1884 1152 1943 et
1177 1881 1415 1945 consuetudines

288 1998 368 2061 quas
391 1977 488 2040 habet
502 1977 587 2041 Eccl.
604 1977 634 2040 S.
648 1977 671 2040 J
673 1976 808 2040 ohannis
829 1977 869 2040 de
889 1972 1055 2042 Beverlaia
1076 1984 1110 2042 et
1131 1978 1218 2042 Eccl
1236 1979 1269 2044 S.
1284 1981 1416 2044 Wiltridi

289 2077 329 2140 de
345 2077 455 2160 Ripun
469 2077 505 2138 in
519 2076 611 2139 terris
627 2083 660 2139 et
675 2075 860 2139 hominibus
872 2076 946 2140 suis.
991 2076 1035 2140 Et
1048 2077 1225 2160 praeterea⁸
1241 2079 1378 2143 concedo
1391 2086 1416 2142 et

288 2178 440 2241 confirmo
455 2176 550 2259 praed.
566 2175 651 2240 Eccl.
667 2175 707 2238 de
721 2174 859 2258 Whitby
874 2175 910 2239 in
923 2176 1016 2240 Ebot.
1032 2176 1108 2240 eccl
1124 2176 1220 2241 Omm
1238 2179 1415 2243 Sanctorum

289 2275 328 2339 de
344 2274 555 2357 Fischergnte,
571 2295 644 2337 curn
667 2279 744 2356 pert.
761 2273 848 2353 suis;
870 2281 903 2337 et
921 2295 1031 2339 omnes
1050 2280 1151 2339 terras
1174 2283 1209 2340 et
1231 2276 1377 2342 homines
1389 2278 1415 2340 in

288 2374 400 2437 eadem
423 2372 575 2435 civitate4
592 2373 677 2437 Eccl.
694 2372 723 2436 S.
740 2372 774 2437 P.
791 2379 824 2436 et
840 2373 870 2437 S.
886 2373 995 2437 Hildae
1010 2374 1050 2437 de
1064 2374 1203 2459 Whitby
1219 2377 1414 2459 pertinentes,

287 2494 362 2536 cum
389 2492 462 2534 soca
488 2478 521 2534 et
547 2492 629 2547 saca,
651 2478 684 2536 et
710 2472 757 2535 tol
783 2477 816 2536 et
841 2471 1013 2549 theem,et
1036 2473 1274 2557 infaugnethef,
1297 2483 1415 2541 etcum

288 2571 436 2633 omnibus
459 2569 661 2633 libertatibus
688 2575 720 2634 et
747 2571 1033 2634 consuetudinibus
1050 2591 1131 2654 quas
1156 2572 1284 2638 hahent
1309 2575 1374 2640 t'rae
1390 2580 1415 2638 et

287 2670 433 2734 homines
450 2669 480 2732 S.
496 2668 584 2732 Petri
607 2675 639 2733 et
660 2668 690 2733 S.
708 2669 855 2734 Outberti
874 2671 908 2733 in
925 2670 1037 2736 eedem
1051 2670 1184 2736 civitate
1206 2673 1415 2749 consistentes,

286 2771 322 2833 in
337 2768 517 2833 dominium
533 2789 636 2832 suum

621 2929 892 2996 ccccxxxvi.
917 2931 982 3017 (no
996 2932 1090 3016 sue.)

330 3068 488 3132 Omnibus
507 3066 568 3130 hoc
591 3066 748 3150 scriptum
762 3067 879 3132 visuris
894 3068 948 3133 vel
962 3069 1122 3134 audituris
1144 3069 1320 3150 Rohertus,
1333 3074 1373 3139 D.
1386 3073 1415 3137 G.

285 3168 396 3231 Abbas
427 3167 467 3230 de
493 3165 641 3249 Whitby,
672 3171 705 3230 et
734 3167 879 3250 ejusdem
907 3168 971 3233 loci
1000 3169 1198 3248 Conventus,
1224 3171 1416 3239 salutemin

283 3267 434 3330 Domino.
479 3265 615 3330 Noverit
630 3265 716 3329 univ.
734 3266 807 3349 [etc.,
822 3288 859 3330 cs
872 3266 910 3330 in
924 3268 982 3332 No.
1000 3266 1109 3353 294.]⁶

611 3438 896 3504 CCCLXXXVII.
922 3440 987 3522 (No
1001 3440 1095 3524 title.)

329 3577 409 3639 Haec
424 3575 597 3638 indentura
611 3580 749 3640 testatur
759 3577 845 3659 quod
861 3576 961 3661 [cum]
977 3578 1089 3642 Abbas
1104 3585 1137 3643 et
1152 3578 1256 3646 Oonv.
1269 3582 1315 3648 de
1329 3582 1418 3647 Melea

284 3675 425 3738 habeant
455 3680 487 3737 et
516 3680 649 3738 teneant
678 3675 718 3739 dc
743 3675 872 3740 Abbate
902 3683 935 3740 et
965 3676 1064 3742 Oonv.
1095 3677 1135 3741 de
1160 3676 1311 3767 Whithy
1332 3700 1418 3747 unum

319 3812 329 3845 ¹
348 3813 433 3863 There
445 3813 468 3862 is
480 3812 543 3862 here
556 3829 588 3862 en
602 3812 733 3873 omission,
746 3813 794 3864 the
806 3813 905 3879 special
919 3817 934 3841 “
943 3814 1032 3880 pactio
1041 3813 1057 3838 '’
1075 3814 1172 3866 named
1184 3816 1216 3868 in
1229 3817 1283 3870 the
1295 3816 1419 3872 memorial

282 3897 353 3947 after
365 3897 411 3947 the
424 3899 569 3946 statement
581 3896 609 3946 of
621 3895 668 3945 the
680 3896 734 3962 gift
746 3900 794 3946 not
806 3896 887 3963 being
899 3897 988 3948 noted

319 3978 329 4010 ²
347 3979 411 4028 This
424 3978 612 4040 confirmation,
626 3994 655 4028 so
668 3979 709 4028 fer
721 3995 751 4028 as
763 3979 786 4029 it
797 3995 866 4046 goes,
879 3980 943 4030 does
954 3983 1003 4031 not
1015 3979 1132 4031 coincide
1144 3980 1213 4033 with
1227 3999 1286 4052 any
1294 3982 1420 4040 sonulani

282 4063 311 4112 in
323 4062 408 4113 either
419 4062 453 4114 A.
467 4078 496 4111 or
508 4062 555 4123 M,
568 4078 617 4111 nor
628 4062 695 4112 with
708 4079 761 4127 any
773 4062 855 4112 noted
872 4063 899 4112 in
919 4063 966 4114 the
978 4063 1084 4114 various
1102 4064 1314 4122 oenfirmctiom
1331 4067 1420 4139 penta

282 4146 368 4196 below
382 4145 453 4207 (Nos.
468 4147 528 4205 581,
541 4146 601 4206 583,
615 4149 684 4208 cto).
723 4145 750 4195 lt
763 4161 826 4210 may
837 4145 870 4196 be
883 4162 899 4198 a
911 4145 1094 4198 confirmation
1105 4146 1144 4213 by
1155 4147 1258 4217 Henry
1271 4166 1320 4207 111.

318 4228 329 4261 ³
347 4231 466 4292 pretorio.
1064 4225 1076 4261 ⁴
1092 4231 1121 4279 ἐκ
1133 4232 1247 4285 eandm
1259 4237 1397 4291 ciuitatem

317 4311 329 4344 ὅ
347 4313 386 4362 At
397 4313 443 4361 the
456 4311 507 4362 end
519 4311 547 4361 of
558 4311 613 4361 this
626 4328 692 4377 copy
705 4311 733 4361 of
744 4312 793 4362 No.
809 4313 861 4364 294
873 4312 896 4363 is
909 4312 994 4364 found
1005 4312 1052 4364 the
1064 4312 1207 4383 following
1219 4324 1290 4372 note
1303 4321 1334 4374 in
1345 4322 1422 4375 aliter

281 4395 353 4445 hand
364 4399 425 4445 :—“
434 4395 475 4459 By
487 4394 542 4445 this
555 4410 618 4443 ouer
636 4394 770 4460 euydence
783 4395 806 4445 it
817 4397 963 4462 appeareth
975 4396 1030 4448 this
1042 4396 1115 4448 aeide
1132 4397 1209 4452 mose
1221 4402 1344 4475 langeth
1353 4411 1382 4461 tc
1390 4405 1422 4459 the

281 4477 372 4527 Abbot
385 4477 413 4526 of
425 4477 545 4542 Whitby,
561 4476 614 4527 and
627 4477 704 4544 nogh‘
714 4476 729 4501 ’¹
