2910 5002
291 548 352 604 214
476 557 747 609 GARTULARIUM
766 556 970 608 ABBATHIAE
987 557 1036 608 DE
1053 554 1244 607 WHITEBY.

289 721 387 785 officii
415 722 518 786 nostri
550 722 669 799 debito,
698 721 910 798 exercuimus,
940 720 1108 785 ecclesiam
1141 718 1361 804 parochialem
1389 718 1422 781 B.

291 821 403 884 Marias
414 822 454 885 de
469 821 625 904 Whiteby
635 820 805 904 Religiosis
819 820 898 884 viris
914 820 1037 884 Abbati
1051 825 1084 884 61
1100 819 1201 884 Oonv.
1213 819 1256 882 de
1270 817 1424 899 Whiteby

289 920 442 982 canonice
467 919 596 982 unitam
622 923 655 982 et
680 938 851 995 annexam,
876 938 1043 982 unacum
1069 916 1204 1001 capellis
1231 917 1273 980 de
1295 916 1425 998 Aselby,

291 1016 512 1102 Ugylbardby,
534 1017 686 1100 Dunsley
707 1022 740 1080 et
762 1016 1000 1101 Haukesgarth,
1016 1017 1057 1080 ab
1079 1016 1194 1080 eadem
1216 1015 1297 1080 eccl.
1310 1015 1424 1098 depen-

290 1116 538 1189 (161111111611110
553 1116 606 1179 die
621 1115 743 1179 mensis
758 1114 852 1191 Julii,
866 1114 1253 1180 Α.Ι).11111166111166661110
1269 1112 1425 1197 qninqua-

289 1216 410 1298 gesimo
424 1216 529 1292 tertio,
544 1235 581 1278 ac
600 1215 759 1298 capellam
774 1215 814 1278 de
836 1214 993 1297 Fylynge,
1007 1234 1106 1297 quam
1119 1212 1294 1278 ecclesiam
1306 1213 1385 1290 lore,
1397 1218 1426 1276 et

290 1335 310 1376 a
324 1314 415 1377 nulla
429 1315 494 1378 alia
508 1314 643 1379 ecclesia
664 1313 844 1398 dependere
858 1313 1064 1377 credebamus
1081 1310 1292 1396 parochiale,1
1307 1312 1425 1376 decimo

291 1420 405 1497 quarto
420 1414 473 1478 die
495 1413 575 1478 dicti
597 1414 726 1490 mensis,
748 1417 845 1496 prout
867 1412 909 1476 ad
930 1431 989 1475 nos
1011 1412 1162 1494 pertinet,
1176 1411 1426 1487 visitaverimus,

290 1519 322 1576 61
334 1513 530 1577 visitationis
542 1513 646 1578 officio
660 1514 706 1577 sic
716 1514 860 1596 inpenso,
871 1532 998 1575 necnon
1012 1510 1052 1574 de
1063 1517 1189 1593 septem
1200 1511 1319 1575 solidis
1330 1516 1364 1575 61
1374 1531 1425 1574 sex

290 1612 429 1676 denariis
455 1613 513 1696 qui
539 1613 669 1677 nomine
698 1611 927 1696 procuratorio,
952 1610 1077 1674 ratione
1102 1609 1308 1675 visitationis
1337 1610 1425 1674 dicta

290 1711 432 1775 ecclesia
455 1712 490 1775 B.
506 1712 620 1775 Mariae
634 1719 668 1775 et
682 1711 878 1794 capellarum
896 1710 937 1773 ab
952 1729 998 1786 ea,
1012 1713 1051 1773 nt
1071 1709 1299 1792 praemittitur,
1314 1709 1423 1792 depen-

290 1811 448 1887 dentium,
465 1812 559 1874 nobis
581 1811 780 1875 debebantur
800 1809 945 1893 plenarie
974 1807 1159 1885 satisfactis,
1187 1808 1274 1873 alios
1306 1814 1423 1893 septen

290 1910 408 1973 solidos
424 1915 457 1972 61
472 1930 529 1973 sex
545 1909 699 1986 denarios,
714 1916 872 1992 tanquam
887 1907 982 1971 nobis
994 1907 1119 1971 debitos
1134 1908 1271 1971 nomine
1281 1928 1423 1991 procura·

289 2010 509 2087 honoratione
520 2010 718 2074 visitationis
730 2009 826 2074 diotae
837 2008 969 2091 capellae
979 2008 1019 2072 de
1029 2007 1177 2091 Fylynge
1188 2028 1250 2090 par
1261 2008 1425 2083 1166166166,

289 2110 534 2193 peti[i]ssemus,
560 2116 593 2172 61
620 2109 745 2192 exigere
771 2109 948 2172 niteremur
976 2107 1017 2170 ab
1039 2106 1164 2170 eisdem
1184 2107 1367 2191 Religiosis
1390 2105 1424 2169 ad

289 2208 530 2290 proponendam
552 2213 585 2272 et
607 2207 839 2271 ostendendam
868 2225 999 2269 causam
1019 2205 1258 2282 rationabilem,
1282 2207 1424 2290 siquam

289 2305 482 2389 habe[re]nt,
497 2327 595 2388 quare
611 2307 652 2369 ad
673 2306 708 2369 id
729 2305 765 2367 in
780 2305 883 2368 forma
900 2305 985 2388 juris
1007 2303 1159 2386 compelli
1181 2324 1252 2367 non
1268 2304 1424 2379 deberent,

289 2404 475 2467 fecissemus
491 2424 598 2467 coram
612 2404 704 2468 vobis
720 2404 762 2467 ad
773 2402 934 2487 judicium
956 2402 1090 2479 evocari,
1104 2422 1181 2485 pars
1197 2402 1272 2486 (85)
1290 2403 1424 2487 ipsorum

290 2502 524 2585 Religiosorum
545 2521 602 2583 per
623 2502 808 2566 <Iohannem
830 2501 869 2565 de
895 2501 1066 2584 Staynton,
1081 2499 1257 2577 clericum,
1281 2520 1423 2584 procura

288 2607 389 2664 torem
420 2600 595 2665 eorundem
615 2601 808 2666 litteratoria
829 2601 1043 2665 constitutum
1064 2599 1229 2664 informa
1250 2598 1424 2665 vocationis

288 2699 449 2783 praedictae
475 2720 581 2763 coram
602 2701 695 2764 nobis
718 2699 913 2764 sufficienter
938 2717 1135 2782 comparens,
1153 2697 1217 2763 1116
1238 2719 1304 2783 per
1327 2700 1424 2783 ipsum

288 2804 525 2882 procuratorem
561 2798 603 2862 ad
636 2798 827 2882 petitionem
860 2803 1004 2861 nostram
1036 2796 1100 2860 sibi
1128 2796 1295 2861 traditam
1327 2797 1423 2862 verbis

288 2897 446 2981 negativis
469 2902 656 2974 contestata,
671 2903 705 2960 61
719 2896 897 2960 secundum
919 2896 1023 2980 ipsius
1037 2894 1160 2979 negotii
1175 2896 1380 2979 qualitatem
1397 2900 1423 2959 at

289 3003 437 3060 naturam
449 2997 631 3078 juramento
641 2996 681 3060 de
693 2995 878 3077 calumpnia
889 3002 921 3059 61
933 2996 972 3059 de
983 2995 1121 3059 varitate
1131 2993 1279 3060 dicenda
1289 2995 1422 3081 praestito

289 3095 452 3178 corporali,
474 3094 628 3179 allegavit
653 3100 686 3158 et
712 3093 888 3176 proposuit,
909 3093 1041 3157 nomine
1065 3092 1279 3158 dominorum
1303 3114 1422 3161 6161111

289 3194 523 3277 praedictorum,
539 3194 624 3277 quod
648 3193 736 3257 dicta
750 3193 875 3277 capella
896 3193 937 3257 de
952 3192 1098 3276 Fylynge
1120 3197 1179 3268 661,
1202 3198 1239 3257 61
1263 3212 1422 3280 sempera
1452 3212 1453 3216 ¹

290 3300 433 3376 tempore
452 3293 699 3356 constructionis
714 3292 859 3374 ejusdem
874 3292 937 3354 fuit
952 3291 1084 3368 notorie,
1098 3290 1227 3374 capella
1244 3292 1422 3377 dependens

291 3392 331 3453 ab
347 3391 481 3454 ecclesia
499 3392 535 3453 B.
552 3392 664 3454 Mariae
686 3391 848 3473 praedicta,
862 3396 901 3454 ut
914 3390 955 3454 ab
971 3389 1105 3454 ecclesia
1119 3409 1181 3475 sna
1194 3392 1384 3473 parochiali
1399 3400 1423 3455 et·

290 3488 432 3564 matrice,
447 3509 484 3552 ac
498 3489 583 3551 infra
594 3490 674 3553 fines
686 3496 718 3553 et
733 3490 854 3553 limites
865 3489 968 3573 ipsius
984 3487 1125 3553 ecelesias
1139 3489 1275 3553 notorie
1286 3490 1421 3563 situatn,

291 3594 324 3651 et
335 3588 422 3671 quod
436 3587 561 3651 nullam
576 3588 693 3665 dotem,
705 3609 763 3652 nec
779 3589 889 3673 aliqua
903 3589 968 3652 alia
982 3588 1067 3652 bona
1080 3607 1101 3650 a
1115 3585 1205 3650 dicta
1219 3589 1368 3656 ecclesia
1379 3608 1421 3655 611
1454 3657 1455 3660 ,

291 3687 423 3750 matrice
437 3693 583 3770 separata
604 3707 663 3751 nec
678 3687 791 3764 divisa,
806 3708 866 3752 neo
881 3687 1023 3770 aliquem
1044 3687 1224 3750 Personam
1240 3689 1302 3754 val
1320 3690 1421 3757 Mina

291 3794 379 3849 trum
403 3793 595 3870 perpetuum
615 3787 713 3851 habet
735 3788 776 3850 ad
798 3788 868 3870 ejus
890 3788 1041 3871 regimen,
1064 3805 1123 3850 nec
1145 3784 1268 3870 aliquo
1294 3795 1420 3875 tempore

292 3885 407 3950 habuit
417 3887 608 3964 ordinatum,
617 3887 777 3970 unicaque
787 3887 947 3950 duntaxat
958 3884 1138 3969 procuratio
1148 3884 1420 3955 Archidiaoonald

294 4005 366 4066 quae
381 3985 422 4048 ad
437 3992 561 4069 septem
576 4005 599 4048 s.
616 3991 649 4048 et
661 4005 716 4048 sax
732 3985 760 4048 d.
772 4005 831 4067 per
844 3983 1108 4049 constitutionem
1123 4002 1225 4067 super
1236 3985 1306 4054 hoc
1321 3989 1419 4055 ediua

293 4086 484 4162 moderatur,
506 4085 631 4148 ratione
656 4084 852 4148 visitationis
876 4084 971 4148 diotae
996 4081 1149 4158 ecclesiae,
1172 4088 1209 4147 61
1238 4076 1418 4175 capella&

294 4262 371 4322 1351,
390 4262 439 4310 otoo
457 4258 529 4310 John
547 4259 681 4322 Ellevker,
700 4259 834 4311 deceased.
870 4259 922 4310 His
939 4257 1193 4326 appointmentwas
1211 4262 1332 4317 mansu
1347 4260 1415 4331 tyra

294 4342 460 4408 King.-(La
472 4343 554 4406 Neve,
567 4343 602 4393 111.
619 4346 688 4407 146.)

329 4423 543 4477 ¹Poroeln'olem.
589 4426 622 4476 In
641 4427 688 4477 the
710 4428 774 4477 next
794 4426 946 4491 document,
969 4423 1058 4478 which
1079 4424 1103 4476 is
1124 4423 1153 4475 in
1176 4425 1240 4483 thiu
1268 4436 1336 4501 pm
1354 4424 1413 4487 111111

292 4506 422 4558 verbatim
434 4506 480 4558 tho
492 4525 571 4572 same,
584 4509 607 4560 it
619 4509 641 4560 is
651 4510 805 4575 parochiali.
