2866 5002
235 502 507 556 chartularum
525 501 728 552 ABBATHIAE
745 501 794 552 on
811 501 999 554 wsrruou.
1144 488 1183 549 ta

34 670 75 732 in
99 673 192 733 carta
217 668 317 750 patris
333 667 398 731 mei
413 666 506 730 testis
529 671 562 729 et
584 686 749 729 concessor
767 687 838 729 sum
855 667 992 749 scriptus
1003 689 1011 745 ;
1033 671 1066 728 et
1088 685 1185 728 unam
1198 672 1267 720 three

34 769 198 832 bovatam
212 767 248 829 in
263 766 375 830 eadem
389 765 479 842 villa,
491 786 588 848 quam
603 770 695 848 pater
708 786 800 829 meus
815 766 850 828 in
866 786 935 848 pur.
948 770 981 829 et
995 785 1081 848 perp.
1094 765 1186 828 elem.
1199 733 1332 851 llth‘iof

40 867 145 943 dedit,
175 887 250 930 cum
279 871 366 930 terra
394 864 434 929 de
465 863 700 942 Stikewalbut‚1
737 869 865 927 tantum
894 865 931 927 in
956 864 1025 927 vita
1050 884 1122 926 mea
1147 863 1187 926 de
1199 849 1334 956 ξζᾛζξξθν

41 965 248 1049 Mona[c]his
279 965 420 1047 praesatae
446 964 599 1028 Ecclesiae
628 964 769 1028 tenenda
777 963 1006 1027 t-Reddendo
1035 963 1112 1027 inde
1141 964 1186 1027 eis
1199 969 1328 1074 liliisne

43 1065 218 1130 annuatim
244 1087 275 1127 x.
291 1063 410 1128 solidos
434 1064 475 1127 ad
500 1063 580 1127 duos
606 1065 770 1140 terminos,
785 1063 852 1128 scil.
868 1063 1012 1146 quinque
1037 1063 1078 1126 ad
1096 1064 1185 1127 Pent.
1199 1085 1339 1133 fatherhad

46 1172 78 1230 et
93 1167 240 1249 quinque
255 1163 296 1227 ad
311 1164 332 1227 f.
349 1164 378 1228 S.
396 1163 550 1226 Martini:
573 1168 605 1227 et
620 1169 735 1246 praeter
750 1163 809 1227 hos
824 1185 847 1226 x
869 1162 995 1240 solidos,
1011 1183 1091 1246 quos
1106 1182 1185 1245 prae·
1199 1143 1357 1263 {iffiytfffl

45 1265 223 1328 nominatis
239 1263 410 1327 Monachis
425 1284 466 1327 ex
480 1263 604 1346 integro
620 1263 776 1345 persolvo,
790 1269 958 1326 remanent
974 1263 1043 1348 (20)
1059 1283 1186 1326 mecum
1199 1263 1260 1310 with
1270 1263 1313 1310 the

46 1365 181 1449 triginta
195 1363 259 1426 duo
275 1362 406 1427 denarii.
451 1364 529 1426 Post
551 1362 676 1425 obitum
691 1382 766 1425 vero
782 1383 890 1426 meum
913 1367 982 1426 tota
1003 1363 1067 1426 ista
1088 1381 1186 1444 praen.
1199 1322 1326 1429 lellielll-

46 1469 130 1528 terra
145 1463 318 1526 antedictae
332 1461 485 1525 Ecclesia
506 1462 685 1525 remanebit
706 1461 807 1525 libera
829 1467 862 1525 et
884 1462 996 1545 quieta
1018 1461 1057 1525 de
1079 1482 1131 1525 me
1154 1466 1186 1524 et
1198 1441 1298 1546 {ffifnpf
1316 1439 1356 1545 ..⁸

47 1563 119 1627 haer.
136 1563 229 1627 meis.
274 1561 349 1625 Hiis
365 1561 510 1625 testibus.
556 1561 679 1644 Rogero
695 1560 735 1624 de
759 1559 946 1646 Okesgard.2
991 1560 1129 1625 Ricardo
1145 1560 1186 1624 de
1198 1558 1283 1618 yearly
1292 1558 1331 1604 for

46 1662 242 1746 Dunesleye.
286 1661 432 1727 Waltero
449 1660 622 1744 Capellano
633 1684 641 1740 ;
664 1666 698 1724 et
712 1661 793 1725 aliis.
1199 1617 1240 1664 ⁸¹¹·

253 1873 418 1938 LXXXV.
441 1873 494 1936 Dr
510 1887 646 1936 muron
661 1888 748 1936 roas
763 1889 799 1936 rr
815 1874 982 1937 Euenum.

90 2011 205 2076 Sciant
221 2030 340 2086 omnes,
355 2030 445 2092 praes.
458 2014 491 2073 et
505 2010 574 2086 fut,
586 2008 671 2092 quod
687 2030 753 2093 ego,
769 2009 952 2092 Stephanus
969 2010 1044 2085 Hai,
1056 2007 1132 2072 dedi
1154 2013 1187 2071 et
1199 2022 1306 2093 stophen

46 2110 106 2174 hac
121 2131 169 2192 pr.
184 2130 211 2173 c.
227 2130 268 2172 m.
285 2108 471 2172 confirmavi
485 2108 555 2172 Deo
572 2114 605 2172 et
618 2108 771 2172 Ecclesiae
787 2109 816 2172 S.
833 2109 970 2172 Andreae
985 2108 1025 2173 de
1040 2108 1187 2192 Engelby
1198 2083 1340 2188 {23¹¹ss

45 2230 146 2274 unam
168 2208 336 2272 dimidiam
359 2229 465 2272 acram
488 2208 555 2271 t'rae
576 2207 612 2270 in
634 2207 790 2292 Engelby,
805 2208 873 2272 scil.
887 2209 1078 2272 forinsecam
1100 2207 1186 2291 apud
1198 2200 1357 2308 {lumin

45 2309 232 2392 aquilonem
254 2308 293 2371 de
316 2307 397 2371 meis
420 2307 545 2371 duabus
567 2307 694 2371 bovatis
716 2307 752 2369 in
769 2308 1021 2391 Aistangarthes
1035 2329 1093 2392 pro
1113 2329 1137 2372 s.
1158 2328 1184 2371 a.
1198 2319 1339 2379 atrngleby

45 2427 125 2470 meae
143 2412 176 2470 et
191 2407 359 2470 animabus
381 2411 510 2488 patrum
525 2426 561 2469 ac
577 2411 717 2469 matrum
732 2413 766 2470 et
780 2411 1016 2470 antecessorum
1033 2427 1186 2484 meorum,
1197 2378 1291 2484 {iffi
1300 2391 1355 2483 ἔξω

45 2505 80 2567 in
100 2505 157 2568 lib.
174 2509 206 2568 et
221 2525 289 2587 pur.
307 2510 339 2568 et
352 2525 439 2587 perp.
456 2504 546 2568 elem.
557 2503 794 2568 2—Tenendam
817 2504 856 2568 de
878 2525 930 2568 me
952 2513 985 2569 et
1007 2506 1080 2570 haer.
1096 2507 1185 2584 meis,
1197 2496 1309 2557 Ingleby.

45 2604 147 2669 libere
171 2610 204 2667 et
218 2603 327 2686 quiete
350 2604 390 2667 ab
406 2604 495 2666 omni
518 2603 663 2667 saeculari
684 2604 815 2668 servitio
838 2611 870 2668 et
894 2603 1097 2692 [ex]actione.
1142 2607 1186 2668 Et

46 2725 104 2788 ogo
127 2708 163 2767 et
184 2702 257 2767 haer.
274 2703 338 2767 mei
352 2702 678 2766 waurauntizabimus
699 2704 794 2786 praed.
811 2703 901 2767 elem.
922 2704 1017 2787 praed.
1033 2705 1185 2769 Ecclesiae

44 2803 79 2866 in
109 2808 314 2887 perpetuum.
360 2802 435 2865 Hiis
463 2802 610 2865 testibus.
656 2803 686 2864 R
708 2851 714 2865 .
738 2851 744 2866 .
768 2853 785 2880 .‚
809 2803 949 2866 Persona
971 2805 1011 2868 de
1040 2804 1184 2887 Engelbi.

45 2903 192 2968 Waltero
226 2902 410 2985 (lapellano.
466 2902 609 2966 Henrico
643 2901 795 2966 Diacono.
851 2902 995 2967 Amaldo
1031 2903 1183 2967 Diacono.

44 3002 213 3066 Willelmo
229 3002 317 3065 Lana
330 3001 381 3086 [or
396 3001 482 3066 Lane
496 3001 540 3085 t];
562 3006 595 3065 et
610 3000 691 3065 aliis.

108 3213 296 3279 LXXXVI.
320 3214 423 3276 horu
438 3230 481 3276 or
496 3215 711 3350 Ercmrrbor
727 3214 889 3277 Eoonrsm
903 3229 946 3276 or
962 3213 1124 3279 Krnnrm.

538 3313 597 3396 [M.
616 3318 654 3375 19
672 3313 693 3395 .]

88 3450 242 3527 Henrico,
261 3450 302 3514 D.
327 3451 364 3514 G.
380 3450 559 3533 Archiep'o‚
579 3450 732 3533 omnique
754 3450 837 3514 clero
861 3451 1005 3534 Capituli
1025 3452 1128 3529 Ebor„
1151 3458 1184 3517 et

45 3551 173 3615 cunctis
190 3551 219 3614 S.
235 3550 388 3613 Ecclesiae
410 3549 495 3626 filiis,
510 3548 615 3612 Adam
632 3550 672 3613 de
687 3548 863 3633 Aengelbi8
878 3551 1023 3616 salutem.
1068 3553 1183 3616 Sciatis

43 3671 95 3714 me
111 3670 170 3733 pro
186 3669 209 3712 s.
226 3669 252 3712 a.
268 3669 347 3713 meae
363 3654 396 3712 et
410 3668 468 3730 pro
484 3647 661 3712 salvatione
684 3655 921 3712 antecessomm
944 3671 1097 3730 meorum,
1112 3652 1182 3717 ded.

43 3755 77 3814 et
91 3750 154 3812 hac
169 3769 215 3831 pr.
232 3769 258 3812 c.
273 3768 344 3812 mea
359 3748 440 3812 cons.
456 3749 527 3811 Deo
542 3754 575 3811 et
591 3748 621 3812 S.
638 3749 732 3812 Petro
748 3754 780 3812 et
796 3749 826 3813 S.
842 3750 962 3834 Hyldae
977 3751 1017 3815 de
1031 3752 1183 3836 Wyteby,

44 3848 275 3931 monachisque
297 3868 400 3930 usque
422 3848 457 3910 in
479 3848 578 3910 finem
600 3847 709 3911 saeculi
731 3847 809 3913 ibid.
828 3850 897 3913 Deo
920 3870 1009 3928 serv„
1024 3852 1059 3914 in
1080 3852 1136 3916 lib.
1151 3858 1184 3915 et

42 3969 131 4031 perp.
147 3947 248 4023 elem,
263 3946 430 4010 ecclesiam
445 3945 484 4010 de
500 3946 646 4023 Kirkebi,
664 3967 737 4010 cum
753 3967 836 4011 omn.
853 3968 925 4030 quae
940 3949 980 4012 ad
996 3969 1065 4013 eam
1086 3951 1183 4032 perti-

42 4051 133 4111 nent.
178 4046 287 4127 Hujus
302 4045 485 4109 donationis
500 4065 580 4110 meae
595 4050 693 4109 testes
709 4051 794 4124 sunt,
810 4052 868 4111 etc.

78 4209 89 4243 ¹
109 4209 146 4260 M.
160 4207 358 4260 Stikelwalbut.
829 4206 840 4240 ²
858 4209 896 4259 M.
911 4207 1110 4274 Haukesgurth.

77 4292 89 4326 ³
107 4291 231 4356 Aoyelty.
268 4290 332 4340 This
350 4290 373 4341 is
386 4306 450 4356 very
463 4290 555 4356 nearly
567 4291 616 4342 the
628 4307 701 4342 same
714 4290 856 4342 document
868 4307 897 4341 as
909 4289 959 4340 No.
974 4288 1016 4343 78.
1052 4290 1108 4340 The
1120 4291 1184 4357 only

40 4375 184 4426 differencc
197 4373 261 4424 isin
272 4376 345 4438 parts
363 4373 392 4423 oi
408 4373 455 4424 the
472 4372 648 4440 phraseology
660 4373 805 4438 employed.
843 4372 899 4422 The
911 4371 1048 4423 witncsees
1066 4373 1122 4425 also
1139 4390 1183 4425 are

40 4460 87 4511 the
101 4475 181 4526 same,
194 4471 257 4507 save
270 4455 332 4520 only
345 4456 419 4506 there
432 4455 455 4506 is
467 4472 517 4506 one
529 4456 605 4506 short
616 4456 686 4506 here.
