2910 5002
271 512 333 570 336
458 519 728 573 CARTULARIUM
748 521 951 572 ABBATHIAE
969 521 1019 572 DE
1036 521 1225 574 WHI'I'EBY.

270 706 407 769 persona
422 687 462 749 ad
477 687 756 769 praesentationem
770 685 915 769 ipsorum
929 685 1086 749 M'rorum
1102 686 1217 751 Briani
1232 692 1265 751 et
1280 687 1403 771 Georgii,

271 805 327 848 seu
358 785 592 868 assignatorum
622 806 760 862 suorum,
784 784 825 848 ad
854 805 955 848 unam
980 785 1034 848 vel
1061 785 1158 849 diotae
1186 784 1331 855 eccleisa
1361 785 1403 849 rel

270 885 406 960 vicariae,
436 885 626 948 auctoritate
659 884 828 960 ordinaria,
857 885 919 948 rite
948 884 992 947 sit
1021 883 1171 961 admissa,
1202 885 1354 948 instituta
1379 890 1405 948 et

271 984 404 1046 inducta
419 1004 493 1046 cum
508 983 603 1047 istius
618 983 817 1048 extinctione
835 981 1041 1066 hujusmodi1
1056 984 1222 1047 concessio
1237 983 1358 1047 nullius
1371 985 1405 1047 sit

270 1083 401 1166 penitus
422 1082 540 1165 vigoris
563 1087 619 1145 aut
643 1082 807 1159 momenti,
830 1083 886 1146 sed
912 1082 1043 1146 omnino
1067 1082 1112 1146 sit
1134 1103 1248 1160 vacua,
1269 1083 1405 1146 nullast

271 1181 423 1246 invalida.
469 1182 511 1245 In
533 1182 625 1264 cujus
651 1182 697 1245 rei
722 1187 794 1246 test.
818 1181 876 1264 sig.
899 1188 1045 1245 nostrum
1071 1202 1246 1246 commune
1271 1183 1404 1264 partibus

272 1287 322 1345 est
347 1301 534 1365 appensum.
587 1282 711 1345 Datum
737 1281 772 1343 in
799 1280 892 1344 domo
919 1285 1027 1345 nostro
1052 1280 1246 1364 Capitulari,
1268 1281 1344 1345 xiii⁰
1363 1282 1404 1345 die

272 1380 393 1444 mensis
422 1380 525 1455 Junii,
550 1380 589 1443 A,
616 1379 657 1443 D.
684 1379 856 1443 millesimo
883 1380 1142 1464 quingentesimo
1168 1388 1238 1457 xv⁰‚
1265 1386 1300 1445 et
1327 1380 1403 1464 regni

274 1479 369 1563 Regis
386 1479 519 1542 Henrioi
535 1479 651 1543 Octavi
667 1478 813 1561 septimo.

329 1665 512 1731 OOOXGV.
537 1667 650 1730 Bonna
665 1665 831 1730 Garooarr
847 1666 946 1729 Para
961 1665 1018 1729 1x²
1032 1682 1076 1729 nn
1091 1681 1359 1730 courmuarrorr

644 1781 808 1828 accursus
823 1781 866 1828 nu
882 1765 1039 1830 Caossar.

320 1904 491 1988 Gregorius
513 1905 619 1987 Ep’us‚
636 1925 746 1969 servus
769 1925 933 1968 servorum
955 1903 1028 1980 Dei,
1044 1902 1173 1968 dilectis
1194 1903 1282 1980 filiis,
1295 1901 1402 1967 Abbati

275 2009 308 2067 et
324 2004 422 2068 Oonv.
439 2003 554 2067 Mon’ii
569 2003 608 2067 de
618 2003 749 2080 Witebi,
761 2003 882 2067 ordinis
897 2004 934 2067 B.
944 2002 1121 2079 Benedicti,
1135 2002 1231 2067 Ebor.
1248 2002 1402 2076 dioceseos,

276 2124 299 2167 a
323 2109 356 2167 et
381 2103 590 2186 apostolicam
611 2101 876 2167 benedictionem.
922 2103 1006 2168 Cum
1028 2123 1048 2166 a
1068 2102 1165 2166 nobis
1186 2103 1310 2185 petitur
1329 2100 1403 2185 quod

272 2204 399 2285 justum
414 2208 463 2267 est
478 2209 511 2267 et
525 2203 707 2279 honestum,
721 2208 789 2265 tam
810 2201 900 2285 vigor
922 2200 1086 2284 aequitatis
1101 2221 1200 2284 quam
1222 2200 1300 2266 ordo
1314 2200 1402 2283 exigit

275 2303 408 2365 rationis
420 2309 458 2365 ut
472 2301 507 2365 id
521 2323 578 2385 per
593 2301 843 2366 sollicitudinem
859 2301 955 2364 officii
970 2301 1072 2365 nostri
1086 2301 1128 2364 ad
1139 2300 1288 2365 debitum
1301 2300 1402 2384 perdu-

275 2408 367 2464 catur
381 2402 539 2465 effectum.
584 2401 768 2484 Eapropter‚
780 2400 890 2464 dilecti
903 2400 940 2463 in
954 2400 1095 2465 Domino
1110 2400 1178 2479 filii,
1190 2402 1307 2465 vestris
1318 2399 1402 2483 justis

276 2500 547 2584 postulationibus
568 2507 659 2583 grato
674 2505 898 2564 concurrentes
921 2520 1064 2578 assensu,
1078 2520 1232 2585 personas
1247 2506 1364 2565 vestras
1376 2504 1403 2561 et

276 2599 436 2663 Mon’ium
451 2599 491 2662 de
505 2598 637 2675 Witebi,
652 2599 689 2661 in
704 2619 767 2683 quo
783 2598 894 2661 divino
910 2599 1031 2663 vacatis
1046 2599 1209 2683 obsequio,
1224 2620 1300 2663 cum
1313 2597 1402 2662 omni·

276 2700 337 2763 bus
358 2699 451 2763 bonis
475 2719 547 2781 quae
567 2697 857 2781 impraesentiarum
878 2698 1112 2763 rationabiliter
1133 2698 1288 2782 possidet,
1302 2703 1357 2762 aut
1374 2696 1402 2758 in

275 2800 421 2863 futurum
440 2799 538 2882 justis
561 2798 673 2874 modis,
693 2803 865 2881 praestante
887 2797 1037 2876 Domino,
1051 2798 1172 2881 poterit
1192 2798 1339 2883 adipisci,
1352 2796 1403 2860 sub

276 2900 312 2963 Β.
331 2899 419 2962 Petri
441 2905 473 2961 et
495 2902 603 2961 nostra
625 2896 822 2979 protectione
845 2897 1047 2981 suscipimus.
1093 2897 1286 2981 Specialiter
1306 2902 1404 2960 auten

275 2997 440 3061 libertates
467 3002 500 3060 et
521 2996 744 3060 immunitates
774 2996 975 3060 saecularium
1005 2996 1211 3061 exactionum
1232 3018 1253 3061 a
1274 2996 1405 3081 Regibus

275 3103 308 3160 et
330 3096 492 3160 nobilibus
515 3094 641 3179 Angliae
670 3096 763 3159 vobis
789 3096 845 3179 pia
870 3095 1064 3160 liberalitate
1092 3115 1269 3173 concessas,
1291 3114 1407 3161 necnon

275 3201 384 3273 terras,
399 3195 615 3278 possessiones
639 3201 671 3259 et
693 3194 757 3258 alia
771 3196 856 3259 bona
871 3216 943 3279 quae
957 3215 1014 3259 vos
1036 3194 1217 3279 proponitis
1233 3215 1275 3260 ex
1290 3213 1407 3259 conces

276 3297 365 3360 sione
395 3294 553 3359 Willelmi
583 3293 663 3358 dieti
699 3295 845 3372 Franees,
875 3301 908 3359 et
937 3294 1074 3358 aliorum
1110 3290 1236 3359 Christi
1263 3294 1410 3367 fidelium,

276 3395 427 3460 canonice
458 3401 638 3474 assecutos3
675 3394 844 3458 ecclesiam
874 3415 1002 3478 quoque
1031 3395 1072 3459 de
1108 3394 1291 3479 Orosseby⁸
1320 3413 1409 3478 quarn

276 3495 468 3559 venerabilis
497 3494 594 3557 frater
623 3499 739 3571 noster,
765 3493 984 3558 Karleolensis
1013 3495 1121 3578 Ep'us,
1143 3499 1350 3577 spectantem
1376 3490 1409 3557 ad

276 3595 392 3678 ipsum,
408 3614 515 3656 annua
536 3594 682 3676 portione
706 3599 830 3677 septem
852 3613 1030 3657 marcamm
1045 3600 1079 3658 et
1093 3593 1249 3672 dimidiae,
1264 3594 1410 3678 Sterting·

276 3713 376 3769 orum,
398 3697 553 3775 perpetuo
575 3692 705 3756 Vicario
725 3693 783 3776 qui
804 3713 861 3776 pro
884 3696 1027 3775 tempore
1048 3693 1084 3755 in
1105 3692 1222 3757 eadem
1244 3690 1408 3772 servatii

276 3792 543 3858 sustentationem
558 3793 599 3876 (p.
613 3792 645 3875 7)
660 3814 752 3856 suam
767 3800 800 3857 et
815 3792 982 3857 subeunda
997 3791 1141 3876 ejusdem
1153 3792 1304 3859 ecclesiae
1319 3812 1410 3865 onera

276 3894 315 3956 de
331 3892 432 3975 ipsius
447 3892 657 3974 proventibus
673 3892 835 3975 deputata,
852 3891 996 3975 Capituli
1011 3890 1062 3954 sui
1076 3889 1248 3956 accidente
1263 3910 1410 3957 consensu

274 3991 339 4074 ipsi
361 3990 557 4053 Monasterio
582 3991 618 4052 in
644 4011 721 4054 usus
747 3990 892 4074 proprios
915 3988 1126 4066 retinendam,
1148 3989 1207 4072 pia
1233 3996 1269 4055 et
1290 3989 1410 4077 provida

274 4089 467 4152 liberalitate
483 4090 657 4168 concessit3
680 4089 765 4153 siout
780 4109 817 4153 ea
832 4089 941 4153 omnia
960 4088 1048 4172 juste
1062 4108 1100 4151 ao
1114 4088 1254 4171 pacifice
1270 4087 1409 4155 obtinetis

274 4188 365 4252 vobis
381 4194 413 4251 et
436 4188 540 4251 eidem
562 4189 760 4252 Monasterio
782 4209 839 4271 per
856 4209 915 4252 vos
937 4186 1128 4252 auctoritate
1150 4190 1337 4272 apostolica
1349 4208 1408 4255 oon·

310 4311 320 4345 ¹
338 4313 393 4363 The
406 4313 583 4363 contractione
595 4313 656 4363 here
669 4330 713 4364 are
725 4330 754 4364 so
767 4312 914 4373 uncertain,
929 4312 982 4364 and
994 4312 1041 4363 ano
1052 4310 1163 4379 writing
1181 4328 1214 4365 so
1225 4314 1350 4377 carolem,
1361 4311 1406 4364 aa

273 4393 296 4444 it
309 4394 331 4444 is
343 4394 495 4461 impossible
507 4399 536 4446 to
547 4411 650 4446 maome
663 4397 724 4446 that
736 4396 782 4447 the
795 4394 904 4462 reading
915 4395 993 4462 given
1005 4394 1028 4446 is
1039 4398 1151 4447 correct

1443 4128 1449 4385 t

310 4475 321 4510 ²
341 4480 462 4534 rear-41.
1037 4474 1049 4510 ³
1067 4476 1205 4543 mady.
1422 4496 1447 4725 Ι
