2866 5002
10 518 55 547 Ὗ

10 560 53 572 ψ

263 554 535 607 GARTULARIUM
553 555 756 608 ABBATHIAE
773 559 823 609 DE
840 558 1027 610 WHITEBY.
1145 550 1206 608 307
1305 546 1309 551 ’

10 708 53 819 3³
65 718 168 805 praed
192 721 361 785 Abbatem.
407 720 448 782 In
463 720 563 804 cujus.
579 721 627 786 rei
640 727 713 787 test.
729 721 807 786 huic
822 742 879 787 scr.
897 723 1085 807 cirografato
1099 728 1207 807 partes

10 828 46 854 2³
65 817 179 903 sigilla
208 840 266 884 sua
280 858 282 862 ·
295 820 372 882 hinc
408 819 485 883 inde
514 826 743 903 apposuerunt.
788 821 866 885 Hiis
894 822 1032 886 testibus
1065 823 1206 887 Domino

10 908 294 1003 ·-’ἷΙ,1[1(11111111ο],1
338 920 473 983 Rectore
515 919 658 1001 ecclesiae
694 921 741 984 (11Ι
772 921 979 1004 Scripenbek.
1049 923 1207 1007 Magistro

10 1015 39 1105 'j
63 1014 282 1102 11[11111111ο]2
297 1019 337 1083 dc
352 1018 509 1082 Potthow.
555 1019 721 1083 Willelmo
736 1020 776 1084 de
792 1021 966 1087 Lincclnia.
1014 1023 1150 1088 Ricardo
1166 1024 1207 1087 de

10 1109 46 1145 '¹‘
64 1114 270 1202 Butterwyk.
315 1120 438 1202 Rogero
453 1118 492 1182 de
509 1118 649 1199 Oelario;
673 1126 705 1182 et
720 1119 800 1185 aliis.

256 1341 495 1407 OOCLXVHI.
518 1343 605 1406 Arm
620 1358 727 1406 11111
742 1360 785 1406 nn
801 1343 1020 1408 senneveri.

111 1503 207 1568 Omn.
228 1502 413 1567 hominibus
435 1502 493 1567 has
515 1502 640 1567 litteras
662 1503 734 1567 aud.
750 1503 804 1568 vel
825 1504 895 1582 vis,
910 1503 1097 1568 Willelmus
1118 1503 1206 1568 filius
1227 1536 1230 1541 ·

10 1616 39 1666 si
63 1600 218 1686 Hugonis
231 1601 271 1665 de
281 1602 374 1680 libor,
387 1601 533 1667 salutern.
570 1602 707 1666 Noverit
718 1602 805 1667 univ.
817 1623 847 1666 v.
861 1603 933 1686 [atc.,
945 1623 981 1666 as
991 1604 1029 1666 to
1038 1603 1095 1666 Nc.
1108 1599 1207 1686 10t5].8

328 1827 531 1893 OOOLXIX.
553 1827 640 1891 Arm
656 1844 699 1892 nn
716 1828 932 1892 Sonmnnsnn.

109 1993 224 2057 Sciant
238 2012 358 2069 omnes,
370 1993 410 2055 ad
426 2012 506 2076 quos
520 2013 566 2075 pr.
583 1991 741 2075 scriptum
755 1991 945 2075 pervenerit,
956 1991 1003 2054 ita
1018 1991 1206 2057 convenisse

22 2086 27 2168 ’,
61 2089 348 2155 111111Α11111111114
367 2096 400 2154 et
416 2090 515 2154 Oonv.
532 2091 571 2155 de
586 2090 752 2174 Whiteby,
767 2095 800 2154 et
815 2088 1012 2153 Michaclem
1027 2090 1206 2153 Norensem

21 2182 28 2257 '.
61 2190 104 2255 de
121 2189 458 2273 Scripcnbek-videl.
475 2189 562 2272 quod
577 2188 672 2273 praed.
688 2189 800 2252 Abbas
817 2193 850 2252 et
865 2187 964 2252 Oonv.
980 2186 1206 2252 relaxaverunt
1316 2192 1317 2195 ’

61 2289 173 2355 eidem
182 2285 336 2353 Michaeli
344 2295 451 2353 totum
460 2289 613 2352 olamium
622 2288 708 2371 quod
718 2288 903 2352 hahuerunt
911 2286 947 2351 in
958 2288 1099 2371 quadam
1110 2287 1205 2353 domo

60 2389 98 2452 in
114 2388 322 2472 Scirpenbck,
332 2409 389 2471 pro
401 2409 465 2470 qua
480 2388 628 2471 praedicti
638 2388 749 2451 Abbas
761 2395 794 2451 et
810 2388 909 2451 Oonv.
921 2386 1205 2470 implacitaverunt

10 2489 22 2535 ἶ
59 2488 205 2555 cundem
219 2487 413 2552 Michaelcm
435 2508 491 2570 per
513 2488 608 2551 breve
624 2487 663 2550 de
679 2507 763 2550 nova
777 2487 956 2552 dissaisina
1000 2487 1044 2551 Et
1064 2508 1121 2571 pro
1143 2486 1205 2552 hac

13 2650 20 2673 Ι,
58 2587 261 2652 relaxatione
276 2592 309 2650 et
323 2587 624 2669 quietaolamatione
646 2606 797 2670 praenom,
812 2586 957 2650 Michael
978 2587 1068 2650 dedit
1082 2594 1115 2650 ct
1130 2607 1205 2651 oon-

10 2678 20 2765 J
59 2687 161 2751 cessit
183 2686 277 2768 praed.
293 2686 415 2750 Abbati
436 2697 468 2750 ct
489 2706 572 2750 mon.
590 2686 656 2750 suis
678 2685 817 2750 liberum
838 2687 1013 2750 transitum
1034 2706 1091 2769 per
1111 2685 1204 2749 t’ram

10 2786 15 2793 '
59 2806 157 2850 suam
183 2805 240 2868 per
263 2806 400 2868 parvum
425 2786 599 2850 mariscum
621 2806 732 2850 versus
755 2785 940 2868 aquilonam
965 2785 1062 2868 juxta
1086 2789 1204 2849 terram

60 2884 226 2962 Ecclesiae,
242 2886 419 2949 secundum
443 2886 598 2968 quodvis
614 2886 826 2950 determinata
847 2885 912 2948 fuit
926 2905 984 2967 per
997 2884 1150 2950 terminos
1166 2905 1204 2949 co

10 2985 14 2992 '
58 2991 207 3067 tempora
223 3005 286 3067 quo
308 3006 373 3068 pax
395 2986 480 3048 facta
499 2984 563 3048 fuit
584 2986 670 3049 inter
685 2985 814 3049 eosdem
833 2985 996 3048 Abbatem
1015 2989 1048 3048 et
1068 2991 1204 3050 monet

59 3084 265 3148 Michaelcm.
321 3087 364 3148 Et
393 3085 573 3148 notandum
602 3085 688 3168 quod
718 3084 813 3167 praed.
843 3085 954 3147 Abbes
987 3090 1018 3148 et
1048 3105 1131 3150 mon.
1163 3086 1203 3150 de

10 3182 13 3187 ’
57 3183 227 3266 Whiteby,
252 3182 306 3246 vel
334 3185 394 3259 sui,
420 3204 485 3246 non
507 3183 727 3246 vendicabunt
757 3182 821 3245 sibi
845 3183 900 3265 jus
929 3183 1117 3247 transeundi
1145 3204 1203 3267 per

58 3283 185 3348 curiam
200 3283 344 3366 praedicti
359 3282 568 3366 [Michaelis],
583 3303 641 3347 nec
657 3283 687 3345 id
693 3304 744 3347 em
759 3282 911 3359 Michael,
926 3282 979 3347 vel
994 3284 1054 3361 sui,
1069 3283 1132 3348 sibi
1147 3284 1202 3366 jus

96 3431 106 3465 ¹
127 3432 176 3483 See
200 3432 248 3484 No.
275 3434 335 3495 371,
360 3433 387 3483 ot
411 3433 512 3484 several
542 3433 626 3499 years’
651 3433 720 3484 later
744 3433 806 3483 date
830 3433 897 3484 than
917 3431 972 3484 this
991 3433 1066 3497 daed,
1084 3433 1201 3485 wherein

59 3520 76 3545 “
84 3515 244 3582 Radulphus
256 3516 388 3582 qnondam
400 3516 499 3566 Rector
507 3515 521 3540 ’²
534 3517 557 3567 is
570 3517 671 3582 spoken
685 3517 714 3567 ol
726 3533 754 3567 as
766 3516 850 3581 lately
862 3516 939 3580 dead,
952 3517 1006 3567 and
1017 3517 1069 3568 law
1079 3516 1202 3583 proceed-

38 3638 40 3643 ,
58 3599 121 3666 ings
132 3599 171 3665 by
182 3599 296 3649 Thomas
308 3599 341 3649 de
354 3599 453 3650 Chanci
466 3615 510 3649 are
523 3599 578 3650 also
594 3600 671 3650 made
683 3600 803 3650 mention
816 3599 850 3651 oi.

95 3681 107 3713 ²
126 3682 183 3732 The
195 3698 271 3732 name
284 3682 311 3731 ct
330 3682 449 3732 William
470 3682 503 3732 de
523 3683 635 3733 Pothow
648 3699 739 3734 occurs
757 3699 786 3733 as
804 3683 866 3734 that
885 3682 913 3733 ol
931 3699 947 3733 a
960 3683 1070 3734 witness
1082 3683 1111 3733 in
1122 3683 1199 3733 three

59 3765 143 3816 dceds
155 3765 184 3813 in
195 3764 242 3815 the
255 3764 339 3814 Yarm
352 3764 474 3830 Friarage
486 3764 632 3827 collection,
647 3769 829 3830 cotemporary
841 3764 907 3816 with
920 3765 1038 3830 Stephon
1050 3765 1084 3815 de
1096 3763 1201 3814 Meinill

58 3866 108 3899 son
122 3847 150 3898 ol
162 3847 270 3908 Robcrt,
284 3848 337 3898 and
345 3848 414 3899 with
424 3849 512 3898 Adam
521 3848 554 3898 de
565 3849 668 3900 Hilton.
705 3849 761 3898 The
771 3849 853 3899 latter
862 3864 916 3899 was
925 3847 982 3898 still
989 3847 1073 3914 living
1081 3847 1110 3896 in
1121 3849 1198 3900 1245.

58 3932 124 3982 This
136 3948 200 3996 may
212 3932 245 3981 be
257 3932 304 3982 the
317 3947 387 3982 same
396 3948 466 3992 man,
480 3948 517 3992 or,
531 3932 553 3981 if
564 3936 619 3995 not,
628 3932 671 3982 his
683 3949 738 3985 son.

91 4013 103 4047 ³
122 4015 210 4064 There
222 4031 265 4064 are
277 4013 329 4065 five
347 4014 492 4064 additional
509 4015 644 4066 witnesses
662 4015 786 4080 specified
804 4014 873 4075 here,
887 4013 935 4063 viz.
946 4015 1063 4079 2-(123)
1083 4012 1199 4065 deulio

56 4098 176 4150 Burdon.
226 4097 357 4149 Michaele
369 4093 506 4162 ¹Norrays.
555 4099 635 4149 Petro
658 4099 774 4149 Britone.
823 4095 976 4157 Benedicto,
1000 4095 1054 4146 filio
1078 4095 1197 4148 Arnaldi.

55 4183 175 4234 Henrico
187 4182 270 4232 Pusct
282 4201 288 4244 ;
307 4186 334 4232 11
346 4182 487 4233 aliis-the
498 4183 551 4234 1111
562 4188 618 4234 two
630 4184 657 4234 of
669 4183 757 4234 whom
769 4199 813 4233 are
825 4185 880 4232 11111
891 4181 960 4232 with
971 4181 1000 4230 in
1012 4182 1062 4233 No.
1078 4184 1137 4244 249,
1151 4183 1198 4233 the

53 4267 118 4318 date
131 4265 161 4316 ol
173 4265 262 4315 which
273 4265 296 4315 is
308 4265 442 4316 indicated
450 4265 547 4316 within
555 4282 570 4316 a
578 4265 630 4317 lew
643 4283 720 4332 years
732 4266 823 4330 hythe
835 4281 912 4315 name
922 4265 950 4314 of
961 4264 1009 4316 the
1018 4264 1077 4316 first
1087 4265 1197 4318 witness

52 4349 189 4417 specified.

87 4433 99 4466 ⁴
116 4432 213 4483 Abbot
225 4430 320 4497 Roget,
333 4448 362 4482 11
374 4432 447 4484 Will.
460 4432 494 4482 de
506 4433 616 4494 Foxton,
630 4432 676 4482 the
689 4433 741 4483 last
754 4434 861 4484 witness
873 4431 977 4495 named,
990 4447 1045 4484 was
1058 4431 1199 4484 Soneschsl
1312 4491 1314 4496 ,

46 4519 76 4571 in
91 4518 136 4568 his
149 4517 223 4566 tima.
