2910 5002
284 538 346 594 322
462 544 735 599 CARTULARIUM
752 543 958 595 ABBA'IHIAE
975 543 1026 595 DE
1042 544 1233 596 WHITEBY.

284 711 414 776 avenae.¹
468 712 553 775 Item
577 708 763 773 Willeimus
786 706 966 791 Schephird
987 728 1048 772 reo.
1072 708 1108 771 vi
1133 708 1299 792 quarteria
1319 728 1412 772 avena

283 810 403 875 farinae.
449 812 535 875 Item
549 810 635 874 robae
646 827 805 874 concessae
815 827 873 890 pro
885 807 1048 890 praedictis
1059 828 1253 891 perannum
1268 807 1415 872 extendit²

283 909 324 971 ad
346 908 589 972 summam—iii
602 908 636 972 11
692 906 779 971 Item
794 906 932 990 coquina
947 913 980 970 et
994 905 1058 970 alia
1073 907 1258 971 necessaria
1272 907 1415 971 dictorum

284 1006 449 1090 Radulphi
465 1014 497 1071 et
509 1005 660 1091 Magistri
674 1005 805 1069 Thomas
817 1005 964 1069 extendit
977 1025 1013 1070 se
1027 1004 1069 1069 ad
1084 1026 1249 1070 summam
1263 1006 1416 1070 annuatim

284 1106 378 1168 —iiii
395 1105 429 1170 11.
444 1106 493 1168 xii
508 1127 532 1171 s.
1270 1164 1273 1168 .

329 1204 562 1286 Reparationes
597 1203 805 1268 aedifioiorum
838 1202 1031 1267 Monosterii
1063 1203 1221 1286 praedioti
1278 1204 1417 1288 Inprimis

285 1303 421 1367 aedificia
441 1303 667 1386 cooperienda
690 1324 765 1368 cum
786 1302 920 1385 plumbo
934 1302 1112 1385 requirunt,
1127 1323 1206 1366 cum
1227 1304 1418 1388 aquaductu

287 1401 328 1465 ad
350 1422 636 1466 summam—ccxx
650 1401 684 1466 11.
729 1402 815 1466 Item
829 1399 894 1464 alia
908 1400 1044 1465 aedificia
1060 1401 1147 1464 infra
1162 1402 1364 1467 Abbathiam
1380 1423 1420 1466 re

288 1503 423 1585 quirunt
438 1502 479 1565 ad
493 1522 654 1566 summam
665 1523 733 1564 xxx
744 1500 777 1565 11.
791 1525 797 1564 :
813 1501 899 1565 Item
914 1500 1054 1585 Grangia
1065 1499 1105 1564 de
1121 1501 1289 1587 Stakesby
1299 1501 1420 1586 requirit

286 1602 346 1665 xiii
371 1600 405 1666 11.
428 1623 451 1664 x
473 1622 515 1665 a:
539 1602 625 1666 Item
647 1600 825 1686 Lathgarth
850 1599 985 1683 requirit
1010 1599 1052 1663 ad
1076 1619 1242 1664 summam
1264 1601 1358 1666 xxiiii
1377 1600 1419 1663 li:

287 1700 372 1763 Item
382 1699 606 1784 Whitbylaths
621 1700 756 1783 requirit
771 1699 853 1762 xxiii
864 1698 915 1763 u:
931 1698 1017 1763 Item
1028 1698 1227 1765 Medilwoda
1242 1701 1374 1786 requirit
1386 1699 1419 1763 ad

286 1819 447 1863 summam
476 1799 533 1862 xvi
562 1799 615 1862 u:
646 1799 700 1882 (13
706 1796 753 1883 3¹³)
784 1799 870 1863 Item
899 1797 1018 1882 Filyng
1045 1799 1184 1881 requirit
1205 1800 1250 1864 ad
1272 1820 1419 1866 summam

285 1897 323 1959 iii
337 1897 389 1962 112:
412 1898 498 1963 Item
514 1898 649 1962 Haknes
664 1919 729 1982 req.
744 1898 786 1962 ad
801 1918 881 1963 sum
897 1919 919 1960 x
933 1897 966 1961 11
982 1897 1041 1961 viii
1055 1918 1079 1962 s.
1095 1897 1131 1961 vi
1146 1899 1195 1964 d.:
1218 1900 1308 1965 Item
1322 1901 1418 1965 Semar

285 2017 350 2080 req.
373 1998 510 2061 adsum.
534 2019 557 2062 v
570 1997 623 2062 u:
647 1997 731 2061 Item
754 1996 896 2061 Eskdale
918 2017 981 2080 req.
1005 1997 1046 2060 ad
1068 2017 1151 2063 sum.
1167 1999 1252 2063 xviii
1273 2000 1325 2064 n:
1346 2000 1418 2062 Item

286 2097 376 2160 Aton
399 2098 434 2160 in
455 2097 615 2181 Clyfland,
631 2097 672 2160 ad
694 2118 774 2161 sum.
790 2119 812 2160 x
827 2096 879 2162 u:
924 2096 1009 2161 Item
1024 2097 1158 2181 Ingilby
1171 2099 1310 2183 requirit
1323 2096 1416 2162 xiiili

287 2195 321 2257 vi
336 2215 359 2258 a.
376 2197 435 2259 viii
450 2197 497 2260 d.:
521 2196 604 2260 Item
621 2196 744 2280 Orosby
757 2216 821 2279 req.
836 2217 881 2258 xx
895 2195 930 2260 11.
975 2195 1059 2259 Item
1082 2196 1243 2262 Barcariae
1265 2198 1416 2281 requirunt

288 2293 330 2355 ad
344 2295 579 2376 reparationem
593 2315 616 2358 v
633 2294 666 2358 11
705 2294 791 2358 Item
805 2294 924 2357 Parcus
939 2293 979 2357 de
994 2293 1112 2379 Filyng
1125 2316 1191 2379 req.
1207 2295 1252 2359 ad
1266 2316 1345 2361 sum.
1358 2293 1414 2358 vii

288 2392 453 2456 -Debita
475 2393 667 2456 Monasterii
689 2393 728 2457 de
743 2392 924 2477 Whytteby
945 2394 1126 2457 extendunt
1148 2414 1184 2460 aa
1205 2395 1249 2460 ad
1272 2413 1413 2460 summam

322 2637 333 2672 ¹
351 2640 407 2690 The
426 2641 565 2692 aum-total
582 2641 646 2692 does
664 2645 713 2694 not
730 2642 836 2709 axaotly
847 2643 1005 2709 eomeapond
1016 2642 1083 2695 with
1101 2643 1150 2696 the
1166 2644 1273 2699 ”varai
1283 2643 1409 2713 quasue

287 2724 466 2789 enumerated‚
479 2728 573 2792 except
585 2725 613 2775 in
625 2729 729 2791 respect
741 2726 770 2776 oi
780 2725 828 2777 the
839 2726 928 2779 leaves
937 2746 982 2778 :—

893 2844 963 2936 itt?
1004 2844 1109 2937 tarr·
1133 2870 1206 2913 Pes
1215 2882 1261 2915 ,a
1276 2872 1405 2924 maa

336 2970 416 3032 Thus,
430 2969 544 3020 Thomas
557 2969 749 3038 Wallryngton‚
811 3010 816 3022 .
888 3009 896 3024 .
918 2976 950 3023 14

429 3052 517 3117 Ralph
530 3054 674 3120 Rogersom
729 3093 735 3107 .
809 3094 814 3104 .
888 3093 894 3107 .

430 3135 502 3188 Will.
516 3136 693 3203 Marsyngale,
731 3176 737 3187 .
810 3176 815 3188 .
889 3176 895 3189 .

431 3218 551 3269 William
564 3218 617 3281 Ak,
647 3255 654 3269 .
729 3259 734 3271 .
808 3260 814 3271 .
888 3259 894 3272 .

431 3286 537 3365 Lyrilph
550 3301 696 3364 aetuans,
731 3342 737 3354 .
810 3341 816 3353 .
891 3342 897 3354 .

429 3384 549 3433 William
561 3385 707 3447 Portarius,
730 3423 736 3436 .
810 3424 815 3434 .

428 3466 501 3515 John
513 3467 654 3527 Harwode,
730 3506 736 3518 .
808 3506 814 3519 .
888 3507 895 3520 .

429 3547 527 3599 Oecilia
539 3551 661 3613 Pereour,
729 3589 735 3602 .
811 3589 816 3600 .
889 3589 896 3602 .

430 3631 531 3681 Robert
543 3633 657 3696 Pynder,
730 3671 736 3683 .
809 3673 815 3684 .
888 3671 894 3684 .

430 3713 677 3780 RogerMalynson,
729 3754 735 3766 .
810 3755 815 3767 .
889 3755 895 3768 .

430 3797 543 3848 Thomas
556 3799 678 3860 Pereour,
730 3837 735 3849 .
809 3839 815 3850 .

900 3943 950 3993 102
1038 3943 1072 3993 88
1183 3945 1219 3997 10
1327 3948 1359 3997 14

288 4060 322 4110 In
340 4060 383 4123 all,
399 4063 449 4112 102
467 4060 550 4111 white
567 4061 665 4124 loaves,
679 4062 748 4112 with
768 4064 800 4113 10
819 4062 937 4126 seconde,
954 4061 1065 4130 making
1081 4078 1118 4129 up
1135 4063 1186 4115 tha
1202 4080 1266 4118 unm
1277 4067 1307 4119 of
1324 4069 1377 4127 112
1393 4080 1414 4115 ar

288 4146 377 4196 stated
395 4146 422 4195 in
441 4145 488 4196 the
501 4145 651 4209 document,
666 4146 719 4197 and
735 4147 813 4197 made
832 4150 880 4197 out
892 4147 920 4197 of
937 4146 995 4197 half
1012 4163 1029 4197 a
1045 4147 1197 4213 quarterof
1214 4164 1290 4204 corn.
1324 4147 1413 4203 mena

287 4243 360 4278 sums
373 4245 409 4293 up
421 4231 450 4278 to
463 4230 496 4279 88
510 4228 617 4294 flagona,
628 4230 695 4280 with
708 4232 740 4280 14
752 4231 781 4281 of
792 4230 839 4280 the
851 4230 949 4280 second
957 4229 1069 4296 quality,
1077 4246 1109 4281 or
1119 4246 1137 4281 a
1146 4232 1219 4283 total
1231 4233 1263 4285 oi
1276 4236 1334 4299 102
1343 4230 1413 4287 'hid

285 4311 309 4360 is
322 4311 382 4362 four
394 4328 464 4361 mora
476 4311 543 4361 thau
555 4310 602 4362 the
614 4313 727 4363 number
738 4313 930 4365 autad-inin
942 4318 970 4364 et
982 4313 1055 4375 xviii,
1069 4312 1123 4365 and
1134 4313 1227 4367 which
1239 4333 1286 4371 ua
1297 4317 1370 4371 mede
1378 4318 1412 4367 ou

286 4393 315 4441 of
326 4393 401 4442 three
414 4397 535 4457 quarters
549 4392 577 4442 of
592 4397 637 4443 oat
649 4394 723 4446 malt.

321 4471 332 4505 ²
350 4475 400 4525 [aa.
