2910 5002
264 518 326 576 280
450 521 719 577 GARTULARIUM
738 519 942 573 ABBATHIAE
960 519 1009 571 DE
1026 519 1217 573 WBI'I'BBY.

218 744 223 751 .
264 691 454 754 auctoritate
476 687 661 771 Apostolien
683 706 779 770 super
800 685 875 749 ecci
898 685 939 749 de
961 685 1121 768 Orosseby
1143 683 1399 760 Ravneewarthe,

264 790 399 853 Karliol.
430 788 600 863 dioceseos,
628 787 714 850 inter
742 784 947 850 Willeimum
977 785 1018 850 de
1047 785 1206 861 Sevenak,
1236 784 1402 859 Olericum,

264 895 404 952 actorem
425 887 634 971 personaliter
656 891 903 968 comparentem,
918 905 960 950 ex
980 890 1072 969 parte
1093 905 1169 963 una,
1189 888 1224 948 et
1245 883 1401 948 Abbatem

264 993 298 1053 et
314 988 411 1052 Gonu.
428 986 543 1050 Mon'ii
557 986 597 1049 de
612 985 780 1068 Whiteby,
794 984 926 1048 Ordinis
948 984 979 1049 S.
996 981 1101 1069 (108b)
1118 983 1299 1060 Benedicti,
1312 983 1402 1046 Ebor.

265 1087 434 1162 dioceseos,
456 1106 514 1169 per
534 1084 689 1148 Astinum
714 1083 754 1148 de
778 1083 953 1161 Thornton,
976 1083 1147 1161 Clericum,
1168 1087 1402 1167 procuratorem

264 1205 360 1248 suum
386 1185 528 1269 legitime
552 1183 767 1246 constitutum
793 1187 1040 1266 comparentem,
1062 1202 1104 1246 ex
1128 1189 1224 1266 parte
1245 1181 1402 1246 altere:—

265 1282 371 1348 Vich
387 1305 461 1348 oum
476 1288 635 1347 constaret
649 1283 752 1361 nobis,
762 1288 831 1347 tarn
845 1303 902 1367 per
915 1282 1041 1346 litterae
1055 1302 1155 1366 quam
1169 1282 1284 1347 vivam
1296 1301 1403 1346 vocem

266 1383 392 1446 Decani
416 1384 619 1447 Westmariae
645 1382 767 1447 ibidem
791 1381 971 1466 praesentis,
994 1381 1165 1465 praedictos
1188 1381 1351 1446 Abbatem
1374 1384 1405 1444 et

268 1482 367 1547 Conv.
389 1481 533 1565 legitime
554 1483 655 1546 fuisse
677 1482 792 1547 citatos
820 1486 857 1545 ut
881 1480 1045 1564 predictis
1067 1480 1121 1545 die
1147 1485 1182 1545 et
1205 1479 1279 1545 looo
1302 1499 1401 1544 coram

267 1581 360 1646 nobis
375 1582 428 1645 vei
443 1582 669 1646 commissoriis
688 1581 808 1646 nostris
830 1586 1058 1664 comparerent,
1071 1579 1227 1664 praedicto
1242 1578 1402 1644 Willelmo

268 1681 308 1745 de
326 1681 501 1758 Sevenake,
517 1680 650 1757 Olerioo,
665 1700 762 1764 super
775 1678 929 1762 pmdiota
943 1678 1018 1744 eccl.
1034 1679 1074 1743 de
1089 1678 1253 1762 Orosseby
1266 1679 1403 1743 Ravnes-

268 1779 389 1843 warthe
403 1778 632 1863 responsuros,l
654 1829 661 1844 .
686 1829 693 1845 .
716 1777 738 1842 .2
751 1779 845 1844 lectis
860 1798 966 1843 coram
980 1778 1073 1843 nobis
1087 1777 1124 1841 in
1141 1778 1269 1863 judicio
1291 1776 1403 1842 litteris

269 1879 460 1963 apostolicis,
496 1879 713 1963 procuratorio
750 1882 784 1942 et
820 1878 894 1942 aliis
929 1876 1155 1941 instrumentis
1187 1876 1404 1960 judicialibus,

268 1999 441 2061 eorumque
463 1979 555 2061 copia
575 1978 652 2042 hinc
674 1977 750 2042 inde
774 1977 879 2061 petita
900 1981 934 2041 et
955 1976 1096 2055 obtento,
1118 1976 1278 2060 signoque
1300 1981 1404 2040 nostro

269 2078 403 2161 signata,
425 2078 596 2160 oblatoque
621 2076 732 2140 libello
759 2082 793 2140 et
818 2096 837 2139 a
862 2074 1016 2159 pmdicto
1044 2079 1250 2158 procuratore
1275 2079 1406 2158 recepto,

270 2177 374 2241 eidem
396 2177 592 2260 procuratori
614 2176 701 2240 diem
722 2175 764 2239 ad
785 2173 1029 2239 deliberandum
1049 2178 1081 2238 et
1102 2173 1145 2238 ad
1165 2173 1314 2238 dominos
1335 2192 1405 2238 snos

270 2275 491 2350 consulendos,
506 2281 539 2338 et
560 2274 671 2338 libello
693 2274 729 2336 in
749 2272 852 2337 forma
869 2272 953 2356 juris
974 2271 1197 2356 respondend',
1209 2271 1405 2355 praefiximus

271 2373 410 2435 -videi
437 2372 523 2436 diem
552 2374 652 2435 Lunae
677 2372 861 2455 proximum
887 2375 963 2434 ante
987 2370 1010 2434 f.
1031 2369 1225 2435 Nativitatis
1250 2370 1407 2436 Johannis

270 2471 435 2554 Baptistae,
456 2471 527 2534 loco
550 2491 614 2553 quo
640 2471 739 2553 prius,
761 2476 795 2535 et
819 2469 974 2553 partibus,
996 2469 1038 2533 ad
1062 2469 1200 2535 ulterius
1226 2469 1406 2536 iaciendum

271 2571 358 2654 quod
372 2570 551 2653 postulavit
566 2570 642 2635 ordo
654 2571 746 2655 juris.

358 2772 571 2839 OOOXXXI.
594 2772 680 2837 Anu
696 2791 802 2838 caeru
816 2790 860 2838 nn
875 2775 1046 2840 Osossner
1060 2774 1331 2849 Revrnswnnrs,

740 2903 780 2950 nr
796 2901 937 2950 cerusa

313 3031 421 3096 Dicit³
442 3039 475 3099 et
496 3034 646 3117 proponit
667 3033 851 3099 Willelmus
874 3033 914 3098 de
937 3030 1112 3111 Seveneke,
1127 3032 1285 3111 clericus,
1304 3052 1405 3098 coram

270 3132 371 3208 vobis,
394 3134 550 3217 Magister
573 3134 711 3197 Thomas
737 3133 778 3197 de
803 3133 928 3210 Foveis,
954 3131 1118 3210 Officialie,
1141 3138 1176 3197 et
1201 3129 1408 3197 commissori

270 3231 348 3292 D'ni
363 3232 610 3296 Archidiaconi4
625 3232 775 3309 Karleoi,
786 3231 912 3316 judices
928 3252 947 3295 a
962 3231 1046 3297 Sede
1061 3230 1250 3315 Apostolica
1265 3230 1409 3316 delegati,

271 3330 357 3411 quod
384 3351 457 3393 cum
486 3332 556 3414 ipse
582 3332 746 3395 Abbatem
771 3337 805 3396 et
831 3331 1037 3396 Conventum
1062 3330 1103 3394 de
1131 3328 1290 3415 Whiteby
1315 3330 1352 3396 Ο.
1378 3331 1406 3394 S.

271 3429 446 3505 Benedicti,
461 3430 553 3494 Ebor.
570 3431 741 3508 dioceseos,
756 3450 852 3515 super
873 3430 1008 3495 ecelesia
1022 3429 1064 3494 de
1086 3428 1255 3513 Orosseby,
1270 3427 1408 3494 Kerleol.

270 3525 439 3604 dioceseos,
455 3548 560 3591 eoram
584 3530 776 3594 Succentore
798 3529 951 3593 Ecclesiae
973 3527 1115 3592 Karleot
1131 3534 1164 3592 et
1179 3527 1328 3611 ejusdem
1348 3527 1407 3593 loci

270 3625 426 3708 Magistro
453 3627 615 3704 stolarum,
638 3629 756 3711 quibus
779 3627 1036 3692 Archidiaconus
1060 3626 1245 3711 praedictus,
1263 3627 1368 3712 judex
1391 3647 1408 3690 a

272 3725 353 3788 Sede
376 3726 563 3809 Apostolica
586 3727 762 3811 delegatus,
784 3728 819 3791 in
840 3727 912 3811 ipsa
934 3747 1030 3791 cause
1050 3747 1117 3791 non
1138 3726 1175 3789 in
1193 3730 1305 3790 totum
1325 3725 1407 3790 vices

269 3847 343 3889 suas
359 3826 568 3905 commiserat,
584 3827 774 3892 auctoritate
795 3827 975 3892 litterarum
991 3827 1070 3891 D’ni
1084 3826 1182 3911 Papae
1199 3825 1409 3901 convenisset,

306 3970 315 4002 ¹
333 3976 485 4036 repressori.

305 4051 316 4084 ²
334 4055 390 4106 The
402 4061 462 4107 text
474 4073 582 4123 appears
594 4061 623 4108 to
635 4058 668 4108 be
680 4062 789 4124 corrupt
800 4057 871 4120 here,
884 4058 931 4109 the
943 4056 1052 4125 reading
1069 4055 1149 4124 being
1161 4060 1178 4085 ‘⁴
1185 4056 1257 4122 iuris
1274 4055 1408 4124 peneuffl‘

271 4137 298 4187 It
310 4138 332 4187 is
344 4138 458 4190 difficule
470 4143 498 4190 to
510 4144 618 4207 suggest
629 4141 676 4192 the
688 4141 789 4191 needed
801 4141 952 4192 correction

306 4217 316 4251 ³
336 4221 404 4284 Vicit,
418 4223 468 4272 but
479 4223 526 4273 the
538 4224 683 4274 correction
695 4223 717 4274 is
729 4224 847 4274 obvious,
886 4224 934 4274 See
946 4223 973 4274 N
974 4239 997 4274 ο.
1010 4224 1070 4276 338.

306 4300 316 4333 ⁴
335 4305 506 4355 Archdeacon
526 4307 619 4371 Henry
636 4322 690 4356 was
708 4306 818 4356 witness
835 4310 865 4356 to
882 4323 899 4356 a
916 4309 995 4373 gram
1015 4305 1043 4356 of
1064 4304 1163 4372 Bishop
1180 4304 1311 4357 Oheuse'e
1329 4306 1408 4358 about

274 4387 347 4435 1260.
385 4388 441 4438 The
459 4389 601 4439 document
619 4389 713 4439 named
731 4389 758 4438 in
777 4389 823 4440 the
841 4389 895 4440 last
913 4392 984 4452 note,
1001 4389 1056 4440 and
1075 4388 1175 4454 closely
1192 4388 1297 4441 related
1317 4393 1349 4441 to
1365 4390 1408 4441 the

270 4473 376 4529 present
389 4488 445 4531 one,
459 4471 481 4520 is
493 4472 573 4521 ‹iatcd
588 4474 663 4523 1264.
