2866 5002
248 563 518 615 OARTULARIUM
536 562 740 613 ABBATHIAE
759 564 807 613 DE
827 564 1010 615 WHITEBY.
1135 553 1195 611 289

58 727 159 792 fuisse
182 727 335 804 delatum,
358 727 597 811 terminumque
619 729 831 812 peremptorie
861 749 880 792 a
910 728 1005 792 dictis
1032 727 1196 811 judicibus

58 828 205 910 partibus
235 827 335 891 fuisse
364 827 533 911 praefixum
564 826 770 911 comparendi
798 827 834 889 in
864 828 961 891 Curia
986 829 1132 891 Romana
1157 827 1198 890 ad

10 943 13 1014 j·
58 927 315 1010 prosequendam
349 926 596 1009 appellationem
631 925 827 1009 praedictam,
856 926 948 990 nobis
978 932 1103 990 constet
1132 926 1197 989 evi-

10 1060 14 1069 ·
59 1025 182 1101 denter,
207 1047 244 1089 ac
269 1047 326 1108 per
350 1025 475 1089 litteras
502 1025 694 1108 apostolicas
721 1046 740 1088 a
764 1025 860 1108 praed.
884 1026 1013 1089 Abbate
1039 1030 1072 1089 et
1099 1025 1197 1089 Conv.

61 1123 168 1208 (113b)
186 1124 225 1188 de
239 1125 396 1209 Whiteby
410 1125 598 1207 impetratas
613 1125 736 1207 liqueat
751 1124 916 1188 evidenter
929 1126 1024 1207 praed.
1036 1124 1198 1189 Abbatem

10 1236 11 1241 ’
58 1229 94 1288 01
120 1223 219 1287 Oonv.
243 1224 418 1287 terminum
443 1224 655 1306 peremptorie
679 1244 698 1287 a
722 1222 817 1304 praed.
837 1222 1001 1304 judicibus
1025 1223 1066 1286 ad
1091 1243 1198 1306 prose-

10 1341 12 1347 ’
58 1323 223 1407 quendam
261 1323 510 1405 appellationem
547 1327 580 1385 et
612 1322 653 1385 ad
688 1321 926 1404 praesentandos
963 1343 997 1385 se
1034 1322 1070 1384 in
1102 1322 1199 1386 Curia

56 1422 208 1486 Romana
228 1442 286 1504 per
300 1421 443 1504 quinque
465 1421 662 1504 septimanas
684 1424 717 1484 01
739 1418 888 1502 amplius,
903 1440 969 1483 non
991 1420 1060 1483 sine
1082 1440 1198 1503 magna

56 1520 195 1597 malitia,
208 1521 410 1604 praevenisse,
425 1541 461 1584 ac
482 1521 518 1583 in
540 1520 764 1604 praejudicium
779 1519 859 1583 dicti
872 1519 1031 1583 Willelmi
1046 1518 1086 1582 (10
1108 1519 1199 1583 Kent

55 1620 164 1685 dictas
189 1619 313 1683 litteras
337 1619 529 1702 apostolicas
553 1626 672 1683 temere
697 1618 894 1700 impetrasse,
915 1623 1087 1700 postquam
1112 1617 1199 1682 idem

55 1718 247 1784 Willelmus
262 1718 302 1781 ad
319 1718 433 1782 Sedem
447 1717 670 1800 Apostolicam
684 1717 838 1780 veniendi
858 1716 920 1780 iter
935 1716 1079 1799 arripuit,
1094 1721 1126 1780 et
1142 1736 1200 1800 per

54 1838 245 1903 processum
259 1817 408 1881 habitum
423 1818 613 1881 auctoritate
627 1817 812 1880 litterarum
834 1816 1059 1898 praedictarum
1080 1821 1200 1880 temere

54 1919 306 2000 impetratorum
335 1937 441 1980 coram
471 1917 718 2000 quibuscunque
747 1916 922 2000 judicibus,
952 1915 1044 1979 nobis
1075 1920 1199 1978 constet

56 2023 174 2082 contra
203 2015 299 2099 praed.
325 2016 537 2092 Willelmum,
562 2020 734 2099 postquam
760 2017 823 2079 iter
852 2016 989 2098 arripuit
1014 2014 1053 2078 ad
1084 2015 1198 2078 Sedem

56 2115 282 2199 Apostolicam
305 2116 465 2192 veniendi,
487 2121 606 2180 temere
629 2136 815 2198 processum
837 2115 936 2179 fuisse
959 2116 1000 2179 ad
1024 2115 1201 2192 citationes,

57 2215 313 2291 commissiones,
335 2215 658 2298 condempnationem
682 2235 903 2298 expensarum,
926 2220 958 2278 01
982 2214 1199 2279 excommuni-

58 2314 232 2390 cationem,
258 2335 295 2378 ac
324 2336 381 2396 per
410 2315 578 2398 publicum
606 2315 869 2392 instrumentum,
895 2315 949 2379 cui
977 2315 1090 2378 merito
1121 2313 1201 2377 fides

58 2415 163 2480 ctiam
185 2413 374 2491 adhibenda,
389 2420 540 2497 appareat
562 2415 657 2497 praed.
675 2415 877 2479 Willelmum
896 2415 936 2479 dc
958 2415 1049 2480 Kent
1064 2415 1117 2478 die
1138 2413 1202 2478 sibi

57 2513 195 2598 praefixo
218 2534 237 2576 0
258 2513 418 2595 praedictis
442 2513 635 2578 Succentore
658 2513 791 2578 Karliol.
808 2521 840 2579 01
863 2515 1019 2599 Magistro
1040 2513 1201 2578 Stolarum

58 2613 208 2697 ejusdem
230 2612 293 2676 loci
315 2612 353 2675 ad
380 2613 636 2696 prosequendam
662 2614 911 2696 appellationem
936 2613 1202 2696 prenominatam

58 2713 100 2775 in
116 2711 214 2774 Curia
228 2711 373 2774 Romana
392 2712 617 2794 comparuisse,
632 2713 710 2788 Nos,
727 2712 881 2795 Magister
903 2712 1071 2787 Robertus,
1085 2712 1203 2774 Rector

59 2811 207 2876 ecclesiae
225 2811 264 2874 de
285 2810 433 2887 Dalston,
452 2811 534 2893 juris
557 2811 703 2875 canonici
726 2811 898 2886 Professor,
913 2810 1103 2873 auctoritate
1124 2807 1202 2870 D’ni

60 2912 163 2992 Papae
189 2931 252 2993 qua
281 2911 447 2994 fungimur
475 2910 510 2973 in
540 2912 600 2975 hac
627 2917 727 2994 parte,
754 2910 793 2973 dc
819 2909 1079 2992 jurisperitorum
1107 2907 1202 2970 nobis

60 3010 285 3075 assistentium
307 3011 450 3087 consilio,
472 3012 580 3074 Deum
606 3011 762 3074 habentes
788 3029 853 3092 prae
880 3007 990 3084 0011110,
1012 3007 1047 3069 in
1071 3006 1201 3069 nomine

61 3109 172 3174 Patris
188 3115 219 3172 et
234 3109 312 3172 Filii
328 3117 359 3173 et
383 3110 522 3193 Spiritus
545 3110 664 3186 Sancti,
678 3109 925 3194 pronuntiamus
946 3108 1071 3171 litteras
1086 3127 1105 3170 a
1121 3105 1203 3169 Sede

61 3209 252 3294 Apostolica
266 3209 451 3292 impetratas
467 3231 523 3293 per
537 3210 633 3292 praed.
650 3209 812 3272 Abbatem
828 3215 860 3272 et
876 3209 976 3272 Conv.
990 3206 1030 3271 de
1044 3205 1202 3287 Whiteby

62 3315 177 3374 contra
192 3309 315 3372 dictum
329 3309 531 3372 Willelmum
545 3309 585 3372 de
607 3311 706 3386 Kent,
721 3316 893 3392 postquam
915 3308 1002 3371 idem
1016 3305 1201 3371 Willelmus

62 3410 106 3474 ad
132 3408 244 3471 Sedem
260 3408 479 3491 Apostolicam
494 3409 555 3471 iter
570 3409 706 3492 arripuit
720 3409 882 3485 veniendi,
896 3408 1003 3472 1111100
1025 3414 1058 3472 01
1079 3407 1203 3482 inanes,

62 3529 102 3572 ac
118 3527 303 3590 processum
318 3506 466 3569 habitum
481 3508 670 3572 auctoritate
693 3508 867 3572 earundem
889 3528 1085 3585 revocamus,
1098 3526 1202 3570 00000-

63 3628 140 3671 mus
156 3613 188 3669 et
202 3605 385 3682 irritamus,l
398 3626 523 3669 cassum
535 3611 567 3670 et
577 3606 707 3670 irritum
719 3608 958 3683 denuntiamus,
970 3613 1002 3671 et
1011 3605 1201 3690 praedictum

63 3706 268 3771 Willelmum
295 3706 335 3768 ab
360 3706 689 3770 excommunicatione
716 3713 748 3771 et
774 3706 1061 3790 condempnatione
1086 3706 1121 3768 in
1148 3724 1202 3768 ex-

64 3806 175 3890 pensis
201 3804 396 3868 absolvimus
419 3812 452 3868 et
477 3805 661 3868 absolutum
687 3807 917 3870 denuntiamus
929 3830 937 3885 ;
970 3805 1078 3868 onmia
1104 3804 1202 3867 etiam

65 3906 130 3971 alia
156 3926 228 3987 quae
254 3911 390 3987 sequuta
416 3911 493 3967 sunt
519 3927 559 3968 ex
585 3906 747 3988 praedictis
775 3905 892 3968 litteris
919 3903 1123 3986 Apostolicis,
1149 3901 1202 3964 vel

65 4006 106 4068 ob
137 4024 199 4079 eas,
228 4023 399 4078 cassamus
429 4003 600 4079 irritamus,
634 4025 722 4068 00000
753 4009 786 4066 01
815 4001 905 4065 111110
936 4000 1202 4084 [de]nuntiamus.

65 4105 189 4166 Datum
203 4102 350 4177 Karlioli,
361 4102 399 4165 A.
412 4103 453 4167 D.
464 4102 635 4166 millesimo
651 4112 723 4166 ccm⁰
738 4100 934 4184 sexagesimo
949 4098 1030 4176 iiiil',
1041 4099 1076 4161 in
1091 4097 1204 4181 vigilia

65 4200 296 4284 Apostolorum
319 4201 470 4284 Symonis
493 4208 526 4264 et
548 4201 652 4277 dudae,
666 4201 750 4264 D'no
765 4199 949 4263 Alexandro
964 4199 1003 4262 de
1027 4197 1204 4279 Riading'o,

66 4301 230 4366 Canonico
252 4300 403 4363 Ecclesiae
426 4300 570 4376 Karliol,
592 4300 748 4383 Magistro
778 4298 931 4363 stolarum
958 4296 1101 4381 ejusdem
1123 4295 1205 4374 1001,

66 4401 158 4464 M'ris
182 4400 330 4482 Hugone‚
348 4399 437 4481 (114)
454 4404 608 4482 perpetuo
631 4399 760 4462 Vicario
784 4399 823 4461 de
846 4398 1059 4481 Steywigges3
1081 4395 1202 4460 Thema

222 4523 229 4554 ¹
250 4540 400 4574 revocamus.
440 4523 583 4589 Obviously
598 4524 728 4573 irritamus
741 4523 762 4573 is
775 4523 821 4574 the
833 4521 907 4573 word
919 4521 1048 4588 required.

626 4623 645 4666 Τ
