2866 5002
226 506 498 560 CARTULARIUM
516 507 719 558 ABBATHIAE
738 507 788 558 DE
806 508 992 561 WHITEBY.
1177 499 1195 556 9

52 673 140 749 lieet,
156 671 339 736 Dominum
355 671 511 735 Thomam
534 671 798 750 Grammaticum‚
813 693 984 736 monacum
1007 673 1322 737 Monasteriithatone
1336 685 1365 732 ο(

55 772 170 836 Sancti
184 771 317 846 Albani,
333 777 483 854 nepotem
497 791 602 847 suum,
617 776 650 834 et
664 771 844 834 Dominum
858 773 1040 849 Ricardum,
1055 773 1197 836 Priorem
1209 745 1363 862 Quali*

55 871 251 935 Monasterii
267 870 378 934 Sancti
392 869 481 933 Petri
497 870 680 953 Burgensis,
692 876 789 954 atque
799 871 976 934 Dominum
992 872 1198 948 Germanum,
1210 863 1351 982 313ξῇξέ

57 971 202 1034 Priorem
229 969 423 1033 Monasterii
448 969 560 1033 Sancti
591 969 716 1033 Oswini
745 970 852 1054 Regis,
881 970 921 1034 de
951 971 1115 1048 Tinemue
1140 972 1198 1055 qui
1211 983 1267 1038 via,
1345 957 1353 981 '

57 1075 171 1152 postea
185 1065 299 1132 Abb'as
315 1067 355 1131 de
371 1066 479 1130 Selebi
494 1067 626 1131 effectus
642 1074 700 1131 est.
744 1069 872 1132 Fratres
883 1090 957 1133 vero
972 1070 1197 1146 Witebienses,
1210 1042 1335 1147 ἓξὲξ,

58 1169 237 1232 suricorum
253 1187 384 1231 suorum
405 1166 538 1230 consilio
554 1167 756 1243 corroborati,
771 1168 903 1231 tandem
924 1168 1066 1233 Priorem
1088 1170 1197 1233 Ricar·
1210 1161 1285 1267 22¹3
1296 1218 1324 1265 οἰ
1334 1219 1359 1265 S·

59 1267 138 1331 dum
154 1266 219 1330 sibi
233 1267 270 1329 in
284 1266 446 1330 Abbatem
461 1266 614 1329 canonice
629 1267 803 1349 elegerunt,
818 1267 895 1350 quia
910 1268 1089 1333 didicerant
1104 1270 1198 1332 illum
1211 1279 1321 1334 muana

59 1367 168 1430 virum
195 1385 265 1430 esse
294 1364 583 1449 prudentissimum
613 1371 647 1428 et
683 1386 724 1429 ex
761 1366 864 1429 nobili
899 1368 1048 1452 prosapia
1083 1374 1197 1432 ortum.
1212 1337 1340 1444 {iffi

60 1467 227 1530 Miserunt
242 1472 351 1528 autem
366 1464 408 1528 ad
430 1465 594 1547 Burgenae
609 1465 840 1528 monasterium
859 1465 1040 1530 Walterum
1055 1468 1198 1532 Priorem
1212 1458 1337 1576 {grlgfl'gp

60 1587 159 1629 suum
180 1569 215 1628 et
236 1563 416 1627 Dominum
438 1563 619 1627 Martinum
644 1564 846 1641 monachum,
861 1565 947 1628 viros
968 1565 1120 1631 honestos
1143 1568 1200 1651 qui
1213 1552 1338 1623 audeas

60 1666 101 1730 ab
116 1662 338 1728 adolescentia
353 1683 411 1725 sua
425 1683 526 1745 usque
543 1661 584 1724 ad
598 1662 795 1746 decrepitam
810 1669 939 1727 aetatem
954 1685 1082 1728 omnem
1097 1665 1199 1728 vitam
1212 1636 1356 1753 roqapgnepor

60 1785 156 1828 suam
170 1763 208 1826 in
222 1762 421 1825 utilitatibus
436 1761 628 1825 Monasterii
643 1762 695 1825 sui
707 1768 936 1844 transegerant.
982 1763 1200 1847 Susceperunt
1212 1753 1317 1859 {ffid
1328 1813 1356 1859 of

62 1885 117 1929 eos
133 1864 249 1926 fratres
265 1863 445 1945 Burgenses
460 1860 634 1925 honorifice
649 1861 684 1924 in
700 1861 752 1924 die
771 1860 884 1924 Sancti
905 1861 1294 1945 Dunstani1atquePet0r·

62 1965 98 2027 in
108 1962 234 2027 octavis
245 1959 478 2025 Ascensionis.2
515 1960 577 2023 Hae
592 1961 695 2024 ambae
710 1960 921 2024 solennitates
937 1961 1049 2024 eodem
1065 1982 1149 2025 anno
1164 1962 1199 2024 in
1211 1930 1321 2035 mih

63 2084 132 2126 una
158 2062 211 2126 die
237 2061 432 2124 acciderunt.
478 2059 547 2123 Vix
570 2080 644 2123 eum
670 2059 850 2142 Burgenses
879 2061 915 2123 in
941 2059 1103 2124 Abbatem
1128 2083 1200 2144 pro·
1213 2048 1322 2154 {iffi}

62 2162 190 2225 moveri
205 2160 363 2236 sinebant,
374 2181 414 2224 ne
426 2160 496 2242 ejus
508 2158 622 2222 solatio
637 2159 847 2243 privarentur.
894 2161 1034 2224 Tandem
1050 2161 1202 2227 dimissus
1214 2167 1326 2227 whitby,

64 2259 209 2324 secunda
231 2259 283 2323 die
305 2260 512 2322 Pentecostes
535 2259 575 2321 ab
597 2258 725 2322 Abbate
749 2279 806 2322 suo
829 2259 972 2323 Martino
988 2282 1008 2325 a
1023 2261 1202 2340 conventu,
1214 2226 1263 2344 iii}
1274 2227 1337 2334 par-

62 2360 240 2424 honorifice
266 2379 340 2422 cum
362 2358 438 2434 suis,
460 2363 493 2422 et
519 2378 593 2422 cum
616 2357 740 2421 duobus
766 2359 931 2423 monachis
953 2362 1202 2443 praenominatis,
1215 2346 1366 2452 ffiffl

65 2458 156 2543 apud
177 2458 358 2523 Eboracum
370 2457 572 2540 Stephanum
595 2457 716 2539 Regem
738 2458 867 2541 Angliae
893 2459 1042 2523 adierunt
1054 2484 1062 2540 3
1095 2483 1114 2524 a
1140 2484 1203 2545 quo
1216 2465 1331 2535 uorougu

66 2559 207 2642 benigne
237 2559 380 2642 suscepti
405 2562 490 2621 sunt.
546 2557 630 2621 Cum
654 2578 726 2640 ergo
753 2556 822 2620 Rex
849 2558 991 2622 audisset
1014 2559 1203 2624 electionem
1215 2525 1294 2642 {3¹35
1303 2525 1345 2629 lile

64 2657 299 2722 monachorum
314 2656 353 2720 de
368 2656 502 2732 Witebi,
517 2661 549 2718 et
571 2657 692 2719 famam
707 2655 770 2719 viri
795 2656 928 2719 Domini
951 2658 1089 2735 Ricardi,
1109 2660 1204 2742 jussu
1217 2642 1301 2747 ἓξὲξ
1314 2643 1341 2688 ⁰f

64 2759 156 2822 illius
171 2758 282 2822 Abbas
298 2756 337 2821 de
352 2756 475 2820 Witebi
492 2758 626 2822 effectus
642 2760 699 2832 est,
710 2756 844 2839 ejusque
858 2755 1044 2841 homagium
1053 2760 1204 2842 suscepit.
1218 2759 1362 2878 gffgguggffie

66 2857 211 2922 Intravit
232 2877 309 2920 vero
331 2856 495 2922 Dominus
522 2855 680 2920 Ricardus
701 2855 813 2919 Abbas
843 2856 1078 2921 Monasterium
1100 2858 1206 2923 Wite-
1219 2879 1323 2937 coming

65 2958 189 3033 biense,
204 2956 266 3020 sibi
284 2956 501 3032 commissum,
518 2952 708 3019 Dominica³
722 2955 828 3038 prima
842 2960 916 3038 post
939 2963 1068 3018 octavas
1090 2957 1207 3020 Pente·
1220 2937 1363 3053 qqppepnqt

66 3063 172 3120 costes
195 3076 297 3118 nonas
316 3055 416 3118 Junii.
463 3057 565 3118 Erant
587 3059 666 3117 tunc
689 3053 725 3115 in
748 3054 859 3117 eodem
882 3053 1079 3116 Monasterio
1095 3054 1346 3160 xxthgglligirqm·

65 3157 109 3220 vi
125 3155 277 3220 monachi
293 3155 441 3238 quicum
462 3154 636 3218 honorifice
660 3159 880 3236 susceperunt,
898 3153 1157 3235 congratulantes
1180 3176 1210 3219 er
1223 3174 1275 3219 tion
1288 3175 1314 3220 of

66 3256 103 3318 in
119 3255 268 3318 Domino.
313 3256 428 3336 Itaque
450 3253 589 3336 qualiter
611 3251 740 3328 vixerit,
754 3252 808 3314 vel
831 3252 963 3314 domum
985 3252 1120 3314 Domini
1143 3275 1210 3318 cor·
1223 3233 1347 3339 ᾒῗοῖῗζᾱῃδ

67 3355 153 3418 rexit
169 3355 204 3416 in
219 3353 406 3429 redditibus,
418 3359 451 3416 et
466 3354 500 3415 in
516 3352 669 3428 aedificiis,
681 3356 714 3415 et
729 3351 880 3428 ecclesiis,
893 3352 1211 3437 possessionibusque
1223 3352 1373 3458 ffilsffin

67 3451 277 3536 adquirendis
288 3473 298 3526 3
314 3473 411 3534 quam
426 3452 594 3536 benignus,
606 3471 704 3533 quam
719 3449 863 3527 humilis,
873 3472 971 3533 quam
985 3452 1101 3536 largus,
1113 3474 1210 3536 quam
1223 3471 1249 3517 in
1259 3472 1301 3517 the

68 3553 237 3628 discretus,
252 3572 350 3634 quam
365 3551 546 3615 misericors
569 3551 705 3626 exstitit,
719 3551 850 3634 penitus
873 3552 989 3615 referre
1011 3574 1076 3616 non
1098 3575 1211 3638 possu-
1224 3531 1371 3636 glffiffiy'

68 3673 152 3715 mus.
197 3651 325 3734 Viginti
340 3650 480 3732 denique
495 3650 537 3713 vi.
554 3651 646 3713 annis
663 3654 696 3713 et
718 3649 883 3713 mensibus
899 3650 963 3727 vii,
979 3652 1093 3716 diebus
1117 3653 1212 3736 quin-
1224 3648 1343 3694 ornatos

1223 3707 1348 3753 Richard’s
1427 3714 1428 3717 ’

69 3751 185 3826 decim,
214 3750 249 3812 in
278 3749 433 3832 regimine
462 3748 616 3833 pastorali
646 3748 827 3822 transactis,
858 3755 932 3831 post
969 3750 1140 3816 diuturnos
1178 3759 1374 3871 etpuministra-

105 3887 115 3920 ¹
135 3890 162 3937 ia
174 3887 197 3938 ia
209 3886 327 3937 inserted
338 3887 408 3936 here.
913 3884 924 3918 2
942 3891 1099 3939 coaenaioaia.
1234 3839 1281 3871 lon.

104 3971 220 4021 ³'l'here
237 3971 261 4021 is
279 3986 351 4020 some
369 3969 508 4020 confusion
522 3969 604 4020 about
623 3969 677 4020 this
696 3969 765 4021 date.
803 3971 859 4020 The
878 3987 960 4021 nones
980 3973 1008 4022 oi
1028 3973 1099 4022 June
1120 3971 1143 4021 ie
1160 3971 1207 4021 the

68 4055 133 4107 fifth
146 4055 199 4119 day
212 4054 240 4104 of
251 4054 330 4103 June.
368 4053 423 4103 But
435 4053 464 4102 in
481 4053 529 4103 the
546 4069 611 4118 year
632 4055 709 4115 1148,
723 4053 818 4104 Easter
836 4054 896 4117 Day
909 4054 956 4104 fell
974 4071 1008 4104 on
1025 4054 1103 4118 April
1124 4054 1207 4115 llth;

68 4141 212 4190 Pentecoet
223 4137 416 4202 consequently
427 4136 517 4187 would
529 4136 577 4186 iall
589 4153 624 4186 on
637 4137 704 4202 May
717 4137 791 4198 aoth,
805 4137 858 4187 and
876 4138 923 4187 the
943 4137 1078 4201 following
1097 4135 1207 4202 Sunday

67 4241 102 4273 on
115 4222 164 4273 the
176 4220 250 4271 cinth
263 4220 291 4270 of
302 4220 381 4270 June.
421 4219 634 4285 Independently
646 4220 674 4270 oi
685 4220 747 4282 this,
761 4221 809 4270 the
823 4220 923 4270 Octavo
944 4219 972 4269 of
992 4218 1171 4285 Whitaunday
1184 4221 1208 4270 is

67 4305 176 4370 Trinity
188 4303 305 4367 Sunday,
320 4302 373 4352 and
385 4302 432 4352 the
444 4302 502 4353 first
520 4302 629 4368 Sunday
641 4303 711 4353 after
729 4304 789 4354 that
810 4302 836 4352 in
862 4304 928 4352 1148
947 4301 1035 4351 would
1057 4301 1124 4351 have
1140 4302 1207 4354 been

67 4390 114 4439 the
131 4387 205 4448 lssth,
219 4385 326 4437 nottho
339 4386 387 4436 5th
397 4386 474 4435 June.

103 4470 114 4504 ⁴
134 4471 254 4522 Written
265 4459 340 4521 eoc‘l.
