2910 5002
278 531 339 588 240
463 541 733 594 CARTULARIUM
753 541 954 593 ABBATHIAE
973 541 1022 592 DE
1039 542 1228 595 wulrenr.

275 707 398 770 toribus
428 707 581 789 ejusdem,
605 708 662 789 qui
687 727 744 791 pro
770 705 968 790 temporibus
997 706 1135 785 fuerent,
1160 714 1195 772 et
1223 728 1244 771 a
1273 712 1408 792 tempore

275 811 310 868 01
333 825 390 888 per
416 810 544 888 tempus
567 806 658 888 cujus
685 805 836 869 contrarii
857 805 1011 869 memorie
1032 826 1099 869 non
1125 807 1249 886 existit,
1274 814 1308 872 et
1334 828 1408 890 0100-

275 904 381 969 dictus
407 911 516 968 tamen
546 905 702 988 Magister
731 905 890 969 Robertus
916 904 1067 970 dedicta
1095 906 1253 988 pensione
1282 908 1410 991 antiqua

275 1009 308 1066 01
331 1004 454 1067 0010110
480 1003 588 1068 debita
614 1005 710 1068 dictis
736 1004 905 1087 Religiosis
931 1003 1115 1069 satisfacere
1140 1025 1208 1068 non
1233 1012 1334 1083 curet,
1358 1007 1410 1071 sed

274 1122 332 1185 per
353 1108 490 1184 quatuor
512 1123 613 1166 annos
639 1102 783 1184 proxime
806 1101 992 1186 praeteritos,
1013 1123 1071 1185 pro
1092 1104 1213 1187 quibus
1235 1111 1276 1170 ut
1301 1106 1411 1170 Rector

275 1201 382 1264 tenuit
404 1201 478 1266 eccl.
502 1202 706 1279 antedictam,
722 1203 883 1266 recusavit
907 1207 940 1265 et
961 1209 1087 1266 recuset
1112 1203 1246 1287 injuste,
1269 1225 1307 1268 co
1328 1205 1410 1291 ipsos

277 1300 453 1384 Religiosos
483 1300 571 1365 dicta
593 1321 652 1364 sue
673 1301 874 1385 possessione
903 1300 1067 1384 spoliavit,
1093 1306 1216 1366 temere
1244 1303 1410 1387 spoliarive

276 1399 450 1476 mondavit,
466 1420 523 1464 seu
545 1400 772 1485 spoliationem
794 1400 926 1464 nomine
948 1420 1007 1463 suo
1028 1400 1149 1465 factam
1170 1408 1280 1467 ratam
1299 1403 1411 1469 habuit

276 1520 317 1562 ex
338 1506 412 1582 post
433 1500 519 1563 iacto
540 1499 661 1583 pariter
683 1506 715 1563 et
737 1505 912 1582 acceptam,
934 1498 970 1561 in
991 1499 1108 1563 enimse
1134 1520 1202 1564 suae
1224 1501 1410 1585 periculum,

276 1606 309 1663 et
324 1599 398 1663 dict.
415 1598 648 1682 Religiosorum
664 1604 696 1662 et
710 1599 827 1662 Mon’ii
841 1599 893 1662 sui
913 1597 1151 1682 praejudicium¹
1168 1621 1237 1665 non
1250 1601 1410 1668 modicum

276 1704 309 1762 et
323 1718 494 1781 gravamen
504 1697 662 1774 :-Quare
677 1698 760 1782 petit
775 1697 882 1761 dictus
901 1704 1096 1780 procurator,
1110 1699 1245 1765 nomine
1266 1722 1410 1785 procurs-

275 1797 354 1862 toris
369 1797 525 1861 antedicti
545 1797 673 1880 probati
694 1797 731 1860 10
751 1797 812 1861 hoc
835 1817 911 1860 casu
933 1797 974 1861 de
991 1797 1065 1881 jure
1080 1798 1256 1881 probando,
1266 1801 1323 1885 jus
1344 1820 1410 1884 per-

275 1896 418 1979 cipiendi
433 1896 529 1978 praed.
545 1916 686 1959 annuam
700 1895 889 1978 pensionem
911 1895 1055 1978 praefatis
1077 1896 1251 1982 Religiosis
1273 1904 1307 1964 et
1329 1900 1409 1964 dioto

276 2016 334 2059 suo
360 1996 482 2059 Mon'io
505 2001 692 2079 competere,
706 2015 765 2078 per
786 2015 853 2071 vos,
875 1994 1005 2058 domine
1031 1995 1152 2073 Judex‚
1174 1997 1361 2081 specialiter·
1381 2005 1409 2064 et

276 2094 471 2159 diffinitive²
494 2094 646 2159 declarari
668 2099 700 2159 et
722 2095 932 2178 pronuntiari,
948 2115 985 2158 ac
1006 2094 1093 2178 ipsos
1115 2101 1149 2160 01
1171 2096 1299 2162 dictum
1320 2119 1410 2163 snum

276 2194 435 2258 Mon’ium
450 2194 491 2258 ad
505 2194 672 2277 praefatam
686 2213 778 2257 suam
793 2194 1026 2277 possessionem
1040 2194 1178 2273 restitui,
1193 2202 1229 2261 01
1250 2216 1326 2261 esm
1345 2197 1410 2273 sibi,

277 2314 352 2356 cum
367 2314 404 2356 00
418 2293 603 2376 integritate
618 2314 683 2376 qua
700 2292 768 2378 (82)
786 2293 944 2369 convenit,
958 2292 1125 2357 reformari
1147 2299 1181 2359 et
1202 2294 1410 2381 redintegrari

276 2397 310 2455 01
324 2392 401 2467 fieri,
416 2391 594 2454 secundum
609 2392 798 2474 qualitatem
811 2391 1048 2476 praemissorum
1061 2392 1098 2455 in
1119 2394 1272 2459 omnibus
1296 2402 1331 2460 et
1350 2397 1409 2461 sin·

275 2491 360 2574 gulis
382 2490 518 2573 justitiae
544 2492 824 2574 complementum.
874 2491 956 2556 Haec
978 2491 1066 2569 dicit,
1086 2480 1242 2577 proponit
1267 2501 1303 2560 et
1325 2495 1412 2580 petit,

276 2591 475 2675 conjunctim
501 2597 533 2653 01
560 2590 699 2667 divisim,
724 2596 763 2653 ut
787 2591 940 2674 quatinus
970 2591 1010 2655 de
1038 2592 1215 2676 praemissis
1243 2594 1410 2679 probatum

275 2690 381 2767 fuerit,
397 2710 453 2754 seu
468 2690 639 2767 detectum,
654 2695 786 2754 catenus
802 2690 944 2754 divisum
965 2690 1023 2754 fiat
1044 2691 1079 2754 in
1101 2691 1242 2776 singulis
1263 2695 1353 2777 quod
1367 2700 1410 2759 est

271 2791 407 2874 justum,
422 2789 605 2854 declarandi
627 2795 659 2853 01
681 2789 770 2852 01001
792 2789 856 2853 alio
874 2789 958 2873 juris
980 2790 1135 2855 beneficio
1160 2811 1292 2877 semper
1317 2794 1409 2870 salvo,

274 2891 352 2955 licet
367 2890 408 2954 ad
423 2889 562 2954 eundem
576 2888 720 2972 legitime
735 2894 923 2966 contestata,
935 2889 1119 2971 juramento
1134 2891 1322 2975 apartibus
1336 2892 1409 2977 ipsis

275 2989 351 3053 hinc
374 2990 450 3055 inde
470 2989 613 3073 praestito
630 2988 669 3052 dc
684 2987 870 3071 calumpnia
885 2996 918 3052 et
933 2987 973 3053 dc
987 2988 1122 3054 veritate
1137 2989 1288 3070 dicenda,
1302 3012 1410 3058 secun·

274 3088 352 3151 dum
367 3089 469 3172 ipsius
481 3109 584 3152 causae
596 3088 786 3171 qualitatem
797 3094 829 3151 et
844 3093 1002 3166 naturam,
1013 3088 1141 3153 traditis
1155 3091 1409 3175 possessionibus

275 3194 307 3252 et
323 3188 440 3253 secutis
456 3187 726 3270 responsionibus,
742 3187 783 3250 ad
798 3188 926 3252 easdem
940 3187 1104 3271 productis
1126 3189 1270 3255 testibus
1289 3192 1411 3277 Jnrstis,

274 3289 475 3365 examinatis,
496 3293 529 3351 01
552 3307 661 3350 eorum
684 3286 779 3350 dictis
801 3286 984 3370 publicatis,
1003 3287 1151 3372 jurisque
1176 3288 1296 3357 ordine
1319 3313 1411 3376 quem

274 3386 335 3451 hoc
359 3407 434 3450 casu
460 3386 623 3469 requiritis
649 3386 685 3449 in
715 3387 865 3451 omnibus
892 3386 1067 3452 observato.
1112 3387 1199 3467 Quia
1226 3389 1411 3457 invenimus

274 3487 377 3550 dictos
401 3486 578 3569 Religiosos
602 3485 817 3550 intentionem
841 3507 942 3564 suam,
966 3507 1072 3550 coram
1101 3486 1196 3552 nobis
1225 3487 1266 3553 in
1292 3491 1411 3576 judicio

274 3586 453 3662 deductam,
473 3591 541 3648 tam
566 3605 624 3668 per
642 3585 874 3650 confessionem
901 3585 996 3650 dictae
1021 3585 1122 3670 partis
1147 3606 1212 3653 reae
1234 3608 1342 3673 quem
1360 3612 1412 3677 per

273 3684 466 3770 prolationes
482 3705 588 3748 coram
610 3683 702 3748 nobis
722 3685 920 3767 judicialiter
941 3684 1100 3763 inductas,
1115 3684 1328 3757 sufficientur
1346 3712 1413 3777 pro·

273 3785 408 3861 bavisse,
434 3785 488 3867 jus
518 3783 718 3867 percipiendi
747 3786 843 3868 praed.
872 3787 1061 3869 pensionem
1090 3804 1235 3853 annuam
1275 3791 1413 3875 praetatis

274 3884 443 3968 Religiosis
458 3889 491 3948 01
516 3883 602 3948 dicto
625 3904 683 3948 suo
706 3884 828 3948 Mon'io
843 3890 1022 3968 competere
1037 3885 1294 3969 pronuntiamus
1309 3896 1346 3956 et
1364 3891 1411 3957 de

274 3985 441 4061 claramus,
466 3984 617 4067 ipsosque
644 3988 677 4046 et
703 3983 827 4047 dictum
856 4004 952 4048 suurn
983 3983 1143 4047 Mon'ium
1171 3984 1216 4051 ad
1246 3991 1412 4072 praefatam

273 4106 365 4150 suam
379 4084 612 4167 possessionem
633 4083 844 4161 restituimus,
860 4091 893 4147 et
915 4104 986 4148 eam
1008 4084 1054 4148 eis
1076 4103 1149 4148 cum
1174 4104 1214 4149 ea
1227 4085 1412 4176 integritate

273 4206 337 4268 qua
360 4183 511 4248 convenit
539 4184 747 4247 reformamus
778 4188 811 4247 et
840 4182 1092 4267 redintegramus
1118 4186 1367 4255 sententialiter
1384 4196 1413 4255 01

273 4283 444 4348 diffinitive
459 4284 494 4345 in
508 4281 572 4346 hiis
595 4282 731 4365 scriptis,
747 4288 780 4346 et
802 4282 923 4347 dictam
944 4287 1069 4367 partem
1090 4302 1179 4348 ream
1201 4284 1241 4349 in
1256 4288 1411 4375 expensis

275 4384 428 4466 quatinus
451 4383 491 4445 de
509 4383 581 4464 jure
597 4383 705 4446 venire
728 4381 874 4460 debeant,
889 4384 1064 4447 taxandam
1086 4389 1120 4447 et
1139 4381 1326 4466 jurandam
1345 4411 1409 4457 oon

285 4510 290 4518 ·
380 4495 388 4527 ¹
407 4512 487 4556 010101,
503 4495 659 4557 redundant,
674 4497 794 4549 omitted.
1126 4492 1138 4527 ²
1157 4496 1313 4563 (1111001100.
