2866 5002
245 536 516 590 CARTULARIUM
532 536 735 590 ABBATHIAE
752 539 800 591 DE
819 539 1003 592 WHITEBY.
1138 533 1198 590 245

62 705 218 789 Fylynge,
234 708 267 767 et
276 702 412 766 aliarum
422 701 581 765 dictarum
596 704 790 786 capellarum
801 706 945 768 omniurn
957 713 989 770 et
1001 705 1199 791 singularum

61 826 82 869 a
99 805 188 868 dicta
208 802 352 867 Ecclesia
367 801 628 884 dependentium,
644 803 786 881 debetur,
802 810 834 869 et
857 804 940 867 solvi
963 806 1138 883 consuevit,
1153 826 1198 882 ac,

60 924 120 986 per
156 902 350 966 solutionem
384 901 490 964 unicae
526 903 758 983 procurationis
789 902 1077 981 Archidiaconalis,
1107 905 1197 968 csse1

60 1002 194 1066 omnino
223 1000 318 1063 liberi
344 1006 377 1063 et
405 999 566 1063 immunes
593 1021 612 1064 a
638 1006 781 1084 tempore
808 1006 841 1065 et
866 1023 923 1085 per
949 1008 1078 1085 tempus
1105 1003 1197 1085 cujus

58 1101 151 1163 initii
172 1098 326 1163 memoria
348 1098 486 1179 alicujus
502 1095 644 1161 hominis
659 1120 725 1162 non
747 1100 869 1177 existit,
885 1120 944 1164 nec
960 1121 979 1164 a
994 1101 1052 1164 diu
1066 1106 1123 1178 est,
1139 1121 1198 1166 nec

58 1205 139 1263 ante
162 1198 361 1263 exactionem
377 1196 563 1278 praedictam
587 1198 718 1261 extabat
729 1199 878 1263 :—Unde
900 1199 997 1282 petiit
1019 1200 1104 1263 idem
1120 1201 1199 1264 Pro·

58 1304 197 1374 curator,
212 1296 343 1359 nomine
365 1316 429 1378 quo
452 1315 558 1378 supra,
573 1303 611 1360 ut
633 1296 807 1380 praemissis
822 1299 974 1380 probatis,
991 1305 1023 1361 et
1045 1299 1198 1362 informa

52 1396 142 1481 juris
166 1396 343 1472 declaratis,
366 1396 469 1459 dictos
492 1396 681 1479 Religiosos,
703 1397 850 1460 dominos
873 1416 958 1474 suos,
975 1402 1008 1461 et
1031 1417 1065 1461 se
1087 1418 1197 1462 eorum

56 1496 202 1572 nomine,
216 1496 252 1558 in
266 1496 363 1558 unica
379 1495 447 1558 sola
461 1495 692 1577 procuratione,
707 1495 743 1557 in
758 1495 860 1558 forma
874 1496 1102 1560 moderationis
1116 1518 1197 1581 prae·

56 1596 165 1671 dictae,
181 1595 273 1658 nobis
296 1600 329 1658 ot
351 1594 584 1658 successoribus
600 1595 727 1672 nostris,
744 1594 800 1678 qui
818 1615 876 1678 pro
890 1596 1087 1678 temporibus
1102 1605 1198 1660 eruut

54 1694 289 1760 Archidiaconi
301 1692 526 1769 Clevelandiae,
536 1714 610 1757 cum
622 1694 743 1758 dictam
755 1694 931 1776 ecclesiam,
943 1694 1025 1779 (85b)
1039 1696 1197 1780 capellam

55 1795 101 1859 de
127 1794 282 1878 Fyl'ynge,
304 1800 337 1856 et
360 1792 500 1875 capellas
523 1793 692 1875 praedictas
715 1814 734 1857 a
758 1793 845 1857 dicta
867 1793 1001 1858 ecclesia
1023 1795 1059 1861 B.
1082 1797 1197 1860 Mariae

55 1893 287 1976 dependentes,
306 1892 379 1973 jure
400 1891 663 1955 Arclridiaconali
684 1892 817 1956 visitare
840 1893 1022 1975 contigerit,
1044 1894 1197 1959 solvenda

54 1994 217 2077 obligatos
227 1997 343 2069 esse,et
352 2012 408 2074 per
418 1990 611 2055 solutionem
620 1991 708 2055 illius
719 1993 821 2055 unicae
830 1992 1064 2074 procurationis
1074 1999 1197 2077 septem

54 2114 82 2158 s.
112 2098 145 2156 et
172 2112 228 2155 sex
255 2092 458 2155 denariorum
483 2090 601 2154 liberos
628 2096 662 2154 et
685 2092 811 2174 quietos
837 2091 904 2155 fore
928 2093 1139 2175 pronuntiare
1164 2100 1198 2156 et

55 2191 221 2255 declarare
233 2209 423 2254 curaremus.
470 2189 573 2270 Super
586 2189 704 2272 quibus
715 2189 889 2272 propositis
900 2209 958 2272 per
968 2210 1026 2252 nos
1039 2191 1198 2268 admissis,

53 2290 225 2376 productis
241 2289 385 2364 testibus,
397 2289 514 2369 juratis
530 2295 563 2351 et
578 2289 782 2367 examinatis,
797 2309 833 2352 ao
849 2289 1015 2354 nonnullis
1030 2290 1149 2355 litteris
1165 2298 1198 2356 et

53 2389 287 2454 instmmentis
300 2388 473 2451 autenticis
489 2388 643 2452 exhibitis
656 2395 688 2452 et
699 2389 875 2472 productis,
887 2389 1037 2473 factaque
1052 2391 1197 2474 publica·

52 2489 149 2552 tione
167 2487 312 2551 omnium
327 2487 556 2570 productorum
572 2493 605 2550 et
620 2486 770 2570 diligenti
792 2488 992 2552 discussione
1014 2489 1198 2568 earundem,

55 2609 97 2653 ac
121 2587 204 2670 juris
230 2587 341 2651 ordine
368 2587 425 2670 qui
449 2587 624 2669 requiritur
647 2586 683 2649 in
705 2587 856 2651 omnibus
879 2588 1048 2652 observato
1059 2588 1197 2666 2-Quia

55 2687 246 2751 invenimus
270 2692 397 2768 partem
426 2684 589 2749 dictorum
615 2684 852 2768 Religiosomm
877 2685 1043 2769 proposita
1073 2706 1133 2749 sue
1163 2692 1197 2750 et

57 2785 200 2850 deducta
221 2783 417 2848 sufficienter
434 2789 467 2847 et
481 2782 624 2869 legitime
646 2784 840 2865 probavisse,
854 2783 985 2846 unicam
1007 2783 1108 2846 solam
1123 2804 1196 2866 pro·

55 2883 267 2959 curationem,
283 2883 323 2947 ad
345 2888 469 2966 septem
485 2902 508 2946 s.
525 2889 558 2946 et
580 2902 637 2946 sex
654 2882 682 2945 d.
698 2902 733 2945 se
755 2881 993 2957 extendentem,
1015 2882 1195 2946 secundum

54 2985 196 3046 formam
206 2982 445 3046 constitutionis
454 2981 752 3065 praedietae,ratione
761 2979 957 3044 visitationis
966 2979 1197 3044 Archidiaconi

57 3081 281 3158 Olivelandiae,
297 3082 389 3145 nobis
412 3087 444 3144 et
460 3080 698 3144 successoribus
721 3077 840 3142 nostris
860 3077 985 3141 ratione
999 3078 1196 3146 visitationis

56 3181 156 3244 dictae
184 3182 327 3244 ecclesiae
353 3182 388 3244 B.
419 3180 540 3255 Mariae,
572 3177 767 3261 capellarum
794 3176 833 3240 de
862 3175 1017 3260 Fylyngc,
1046 3176 1196 3262 Assclby,

58 3280 259 3364 Ugylbardy,
281 3280 430 3363 Dunslcy
452 3286 485 3342 et
508 3277 748 3360 Haukysgarth,
771 3275 811 3339 ab
834 3274 946 3339 eadem
976 3275 1118 3340 ecclesiae
1141 3276 1196 3341 de-

56 3380 280 3465 pendentium,
310 3379 426 3453 debe1i,
456 3384 488 3442 et
518 3378 644 3441 eosdem
675 3377 853 3460 Religiosos
883 3376 924 3439 ad
953 3376 1107 3458 majorem
1137 3396 1196 3440 nec

55 3478 244 3543 ulteriorem
253 3478 508 3560 procurationem
518 3476 610 3543 uobis
619 3495 676 3537 seu
688 3474 924 3541 successoribus
935 3475 1064 3552 nostris,
1072 3474 1195 3542 rationo

11 3575 14 3579 ’
56 3577 254 3642 visitationis
284 3577 379 3640 dictae
407 3576 547 3639 ecclesiae
577 3580 610 3638 et
640 3575 798 3639 dictarum
828 3575 1026 3658 capellarum
1055 3595 1196 3650 suarum,

56 3676 314 3761 dependentium
338 3676 379 3739 ab
405 3676 526 3751 eadem,
548 3695 614 3737 non
636 3674 738 3738 teneri
761 3674 1008 3756 pronuntiamus
1032 3681 1065 3737 et
1091 3672 1196 3760 decla-

56 3797 168 3842 ramus
191 3776 426 3839 sententialiter
440 3781 472 3839 et
495 3774 666 3837 diffinitive
682 3775 717 3836 in
732 3773 795 3836 hiis
818 3774 954 3857 scriptis.
1000 3772 1042 3837 In
1057 3791 1196 3854 quorum

10 3871 12 3909 ³
55 3877 204 3942 omniurn
216 3881 288 3939 test.
301 3876 356 3958 sig.
369 3875 467 3939 officii
481 3874 584 3937 nostri
594 3873 807 3957 praesentibus
819 3872 1035 3954 apposuimus.
1071 3871 1196 3938 Datum

55 3977 146 4060 apud
168 3975 372 4058 Esyngwald,
387 3982 499 4038 octavo
522 3974 575 4038 die
590 3973 711 4037 mensis
731 3972 887 4048 Octobris,
902 3971 940 4034 A
958 3970 998 4032 D.
1022 3967 1196 4031 millesimo

10 4072 15 4113 ἕ
56 4097 112 4141 ccc
128 4075 395 4158 quinquagesimo
410 4075 514 4139 tertio

93 4213 102 4244 ¹
122 4213 171 4264 See
183 4212 230 4262 the
242 4212 331 4262 clauso
349 4213 470 4279 supplied
483 4213 572 4265 before
584 4212 640 4264 this
659 4210 791 4263 infinitivo
804 4208 831 4258 in
844 4208 891 4259 tho
910 4204 1116 4272 corresponding
1134 4208 1195 4270 part

10 4342 22 4383 t
57 4299 84 4349 ol
98 4297 145 4349 tho
158 4296 382 4352 nextdocument.
842 4300 846 4306 '
