2866 5002
252 544 525 598 CARTULARIUM
543 544 749 597 ABBATHIAE
767 545 815 597 DE
830 545 1016 598 WHITEBY.
1140 534 1199 595 251

57 707 283 790 suscipiuntur
304 709 339 771 in
362 709 548 792 amplexum
568 729 633 792 quo
654 729 712 793 per
734 709 821 792 ipsas
843 710 1051 774 conscientiae
1072 710 1205 794 puritas,

55 807 214 884 caritatis,
236 808 477 885 uniformitatis,
499 829 536 872 ac
558 809 678 872 mentis
700 808 832 873 libertas
855 810 916 873 sub
938 810 1060 874 umbris
1082 809 1204 874 floridis

56 906 260 971 lucidentius
271 907 478 971 illustrantur
489 913 521 972 et
532 908 712 991 quiescunt,
724 914 757 972 et
771 909 1005 973 inextricabilis
1016 909 1206 992 improbitas

56 1004 264 1089 litigantium
294 1006 347 1070 sui
366 1006 513 1091 prodiga
542 1007 692 1070 funditus
729 1006 892 1071 conciditl
921 1007 957 1070 in
985 1007 1114 1071 ruinam
1149 1028 1207 1091 per

57 1105 198 1170 easdem.
255 1105 344 1168 Hinc
374 1110 423 1169 est
452 1106 539 1189 quod
569 1126 645 1169 cnm
669 1105 756 1169 inter
779 1106 941 1170 Abbatem
971 1111 1005 1171 at
1035 1106 1133 1172 Conv.
1165 1108 1206 1173 de

57 1205 219 1289 Whiteby
229 1211 360 1282 actores,
372 1225 411 1269 ex
427 1226 492 1269 una
506 1211 650 1289 portast
665 1205 846 1270 Dominum
859 1206 1040 1270 Walterum
1054 1207 1094 1272 de
1109 1208 1206 1290 Grey,

58 1305 232 1369 Rectorem
248 1305 323 1369 eccl.
339 1305 379 1368 de
395 1304 528 1383 Semar,²
542 1326 642 1382 reum,
658 1326 699 1369 ex
714 1304 824 1383 altera,
836 1325 942 1369 coram
956 1306 1051 1370 nobis
1067 1306 1204 1370 auctori-

57 1409 131 1468 tate
146 1404 306 1468 ordinaria
320 1404 589 1487 cognoscentibus
606 1424 703 1487 super
722 1404 884 1467 amotione
907 1404 1052 1486 ejusdem
1067 1405 1205 1469 Walteri

58 1504 103 1568 ab
126 1503 261 1567 ecclesia
283 1503 323 1566 de
349 1504 468 1579 Semar,
491 1508 524 1566 et
545 1522 655 1566 annua
679 1502 835 1585 pensione
856 1502 1001 1585 quinque
1025 1523 1205 1567 marcarum

58 1602 185 1666 eisdem
205 1602 329 1665 Abbati
351 1606 384 1665 et
407 1602 506 1666 Gonu.
525 1600 704 1678 annuatim,
726 1601 857 1665 nomine
879 1601 977 1665 diotae
998 1601 1142 1666 ecclesiae
1163 1602 1204 1666 ab

58 1700 175 1765 eodem
195 1700 348 1776 Waltero,
370 1699 605 1775 solvendarum,
628 1719 724 1764 causa
746 1699 863 1764 fuisset
887 1698 1041 1764 lunaliter
1062 1700 1108 1763 sic
1131 1720 1204 1783 pro·

58 1796 182 1862 traota³
204 1799 291 1882 quod
313 1799 418 1862 solum
440 1804 624 1881 superesset
645 1798 807 1862 sententia
822 1797 995 1862 diffinitiva
1015 1798 1205 1881 proferenda

58 1898 98 1960 in
121 1897 302 1980 praemissis,
316 1903 424 1980 partes
438 1897 527 1980 pacis
543 1897 746 1960 concordiam
768 1896 1001 1980 amplectentes
1016 1917 1113 1980 super
1129 1917 1205 1961 con-

59 1997 264 2061 tentionibus
290 1995 371 2081 (89b)
396 2001 475 2060 tunc
497 1996 619 2060 habitis
641 1996 727 2059 inter
748 1996 844 2078 ipsas,
860 2002 978 2060 nostrae
1000 1997 1203 2075 ordinationi,

61 2095 252 2159 diffinitioni
266 2115 324 2158 scu
338 2095 467 2159 decreto
481 2100 596 2178 sponte
613 2115 646 2159 se
662 2095 890 2171 submiserunt,
901 2094 1030 2157 firmum
1041 2102 1075 2159 et
1089 2096 1204 2160 stabile

61 2215 98 2259 se
121 2193 287 2257 habituros
309 2195 533 2276 promittentes
556 2192 643 2277 quod
665 2192 888 2270 ordinandum,
910 2193 1123 2258 diffinendnm
1146 2214 1204 2259 seu

61 2293 309 2358 discernendum
337 2293 487 2357 similiter
513 2293 700 2357 duxerimus
730 2293 766 2356 in
791 2293 966 2376 praemissis
995 2294 1081 2358 inter
1107 2294 1203 2378 ipsos.

61 2394 133 2457 Nos
155 2392 255 2477 igitur
273 2393 424 2458 invocata
443 2393 583 2476 Spiritus
607 2394 718 2458 Sancti
739 2394 850 2478 gratia,
864 2394 992 2478 rejectis
1014 2394 1203 2478 ambagibus

59 2498 95 2556 et
112 2491 299 2555 circuitibus
316 2492 491 2569 retroactis,
507 2492 702 2570 ordinamus,
718 2493 904 2571 diffinimus,
919 2513 977 2558 seu
992 2493 1203 2559 discernimus

60 2591 150 2674 quod
166 2590 329 2654 Walterus
344 2591 451 2655 dictus
466 2591 615 2655 restituat
631 2592 813 2674 saepedictis
824 2592 945 2657 Abbati
960 2598 994 2656 et
1008 2592 1106 2657 Conv.
1123 2593 1204 2656 duas

60 2697 171 2775 partes
186 2689 383 2754 deeimarum
405 2690 573 2774 garbarum
589 2689 832 2754 dominicalium
848 2690 888 2755 de
908 2691 1019 2754 Semar
1033 2711 1113 2775 quas
1128 2691 1205 2755 su0⁴

59 2795 218 2874 perpetuo
232 2790 273 2853 ab
288 2790 334 2854 eis
350 2791 391 2854 ad
406 2791 530 2854 firmam
545 2810 604 2872 pro
618 2790 833 2872 quadraginta
848 2789 959 2853 solidis
975 2790 1091 2853 annuis
1112 2790 1203 2872 prins

60 2889 171 2953 tenuit
189 2895 222 2953 et
243 2889 443 2972 possedibat
461 2889 547 2972 quod
570 2888 691 2953 eisdem
706 2888 746 2952 de
761 2893 877 2952 caetero
899 2887 1005 2951 solvat
1026 2888 1205 2965 annuatim,

60 2989 194 3053 nomine
209 2988 350 3052 ecclesiae
365 2989 405 3052 de
421 2989 540 3065 Semar,
556 2989 648 3070 cujus
665 2992 743 3055 sunt
764 2987 901 3069 patroni,
916 2986 1061 3069 quinque
1080 3005 1204 3050 marcas

60 3087 228 3173 pensionis
259 3087 381 3151 eisdem
406 3087 523 3150 debitae
552 3088 592 3151 ab
622 3085 906 3171 antiquo-videl.
933 3085 975 3148 ad
1005 3084 1096 3148 Pent.
1123 3084 1204 3150 duas

60 3207 186 3251 marcas
201 3194 234 3251 et
246 3186 331 3262 dim,
343 3193 375 3250 et
389 3191 518 3249 tantum
533 3186 575 3249 ad
589 3187 609 3249 f.
623 3186 682 3269 [S.]
700 3184 837 3248 Martini
851 3183 986 3268 yemale,
999 3188 1032 3246 et
1047 3184 1204 3267 arreragia

60 3287 300 3371 praemissorum
315 3285 436 3349 eisdem
451 3285 589 3349 debebat
604 3305 707 3368 usque
729 3283 831 3347 moda.
877 3285 920 3347 Et
935 3283 1076 3365 siquem
1092 3281 1204 3346 termi-

61 3407 144 3449 num
154 3386 190 3447 in
202 3405 268 3448 non
279 3384 432 3448 solvendo
444 3384 633 3467 praeterierit
645 3384 684 3448 de
699 3382 871 3467 praediotis,
882 3382 1023 3446 Domino
1034 3382 1204 3466 Archiep'o

61 3483 266 3559 Eboraoensi,
278 3484 334 3565 qui
349 3503 407 3566 pro
418 3488 562 3564 tempore
574 3482 682 3560 fuerit,
693 3483 746 3547 vel
758 3483 828 3566 ejus
841 3482 980 3546 Officiali
995 3502 1053 3546 suo
1064 3481 1204 3559 nomina,

61 3585 99 3646 in
121 3589 253 3647 centum
276 3583 395 3646 solidos
418 3583 549 3646 nomine
571 3602 676 3665 poenae
690 3587 839 3647 teneatur
860 3582 1017 3659 absoluta,
1032 3589 1065 3647 ct
1086 3580 1204 3646 nichil-

61 3682 191 3745 ominus
216 3680 256 3745 de
281 3680 454 3764 principali
479 3682 694 3763 praetermissa
714 3681 838 3745 Abbati
864 3687 897 3745 et
924 3681 1107 3746 conventui
1131 3700 1203 3763 per-

62 3780 231 3844 solvantur
260 3779 382 3861 absque
410 3800 507 3844 mora.
569 3780 764 3844 Ordinamus
793 3779 900 3856 etiam,
929 3778 1114 3855 diffinimus,
1145 3799 1204 3842 seu

62 3881 276 3944 discernimus
292 3880 379 3962 quod
394 3880 503 3943 Abbas
524 3886 557 3943 et
573 3880 673 3944 Conv.
688 3879 856 3943 memorati
878 3898 1008 3941 oausam
1030 3876 1203 3941 amotionis

62 3980 144 4044 dicti
170 3979 308 4042 Walteri
338 3980 378 4043 ab
405 3979 539 4043 ecclesia
567 3978 608 4042 de
638 3979 750 4043 Semar
774 3976 973 4061 judicialiter
1001 3974 1204 4039 institutam⁵

98 4166 108 4200 ¹
127 4167 253 4218 concidit.
640 4162 651 4198 ²
668 4165 717 4216 See
729 4163 776 4216 tha
787 4167 843 4214 two
854 4161 907 4212 last
919 4159 1083 4212 documenta

98 4249 110 4284 ³
128 4251 194 4301 This
213 4249 323 4316 reading
340 4249 363 4301 is
378 4253 452 4311 most
470 4249 697 4314 unsatisfactory3
715 4248 762 4298 the
773 4246 832 4297 first
846 4244 971 4296 doubtful
983 4244 1057 4296 word
1074 4259 1124 4294 can
1141 4243 1205 4310 only

59 4338 94 4387 be
121 4335 244 4386 limabter
267 4350 297 4383 or
321 4334 446 4395 localiter,
465 4333 518 4384 and
541 4332 589 4384 the
610 4331 707 4383 second
729 4328 858 4394 certainly
880 4326 973 4394 begins
991 4325 1058 4378 with
1080 4343 1138 4392 pro,
1157 4326 1205 4378 the

58 4421 156 4472 letters
175 4416 236 4467 that
255 4416 343 4467 follow
355 4415 435 4484 being
453 4416 539 4468 either
557 4417 604 4466 tito
622 4430 653 4466 or
670 4419 730 4476 tcta,
743 4411 810 4463 with
821 4410 869 4463 the
881 4409 957 4462 usual
974 4409 1080 4476 symbol
1097 4409 1125 4461 of
1142 4426 1204 4461 con·

59 4501 180 4555 traction
192 4499 235 4549 for
246 4516 279 4549 ra
291 4498 383 4550 above.
643 4493 653 4529 ⁴
672 4495 722 4547 Ita.
987 4490 999 4526 ⁶
1016 4494 1164 4544 institutum.
