2866 5002
236 538 508 592 OARTULARIUM
526 538 730 589 ABBATHIAE
744 538 794 588 DE
812 537 998 589 wurTnBY.
1157 526 1194 583 15

56 707 136 771 dieti
159 705 295 770 termini
310 711 422 769 eontra
437 723 548 767 omnes
565 702 711 767 homines
726 703 1016 778 warantizabimus,
1032 701 1194 784 acquiete-
1207 711 1345 770 warrenty.

55 808 164 871 bimus
189 811 224 869 et
247 805 465 869 defendemus.
511 804 553 866 In
580 804 672 886 eujus
702 803 749 868 rei
773 803 996 867 testimonium
1022 801 1081 864 uni
1109 802 1196 884 parti

57 905 154 988 hujus
170 905 286 988 scripti
301 903 494 987 cirograffati
515 902 659 987 sigillum
675 902 819 985 Capituli
844 902 946 965 nostri
968 901 1195 985 apposuimus3

56 1006 157 1070 altera
171 1026 248 1070 vero
262 1025 336 1088 pars
351 1003 457 1087 sigillo
472 1002 553 1067 dicti
567 1002 696 1066 Ricardi
711 1007 760 1066 est
775 1001 990 1083 consingnata.

146 1192 195 1276 e>
218 1192 259 1255 x.

100 1330 264 1394 Omnibus
281 1329 402 1393 Christi
417 1329 566 1393 fidelibus
582 1329 623 1391 ad
638 1349 718 1411 quos
733 1348 779 1411 pr.
795 1348 853 1392 scr.
869 1328 1058 1410 pervenerit,
1075 1327 1195 1411 Symon
1208 1387 1288 1434 erent
1298 1385 1347 1432 ann

55 1430 85 1494 le
96 1432 213 1494 Porter
223 1429 419 1512 inWhiteby
431 1429 570 1493 salutem
581 1429 616 1491 in
627 1429 777 1492 Domino.
788 1429 922 1491 Noverit
932 1427 1081 1492 discretio
1091 1433 1196 1492 vestra
1209 1447 1333 1493 conflrma-

57 1551 118 1607 me,
135 1530 305 1593 voluntate
320 1536 353 1592 et
376 1549 534 1592 consensu
556 1527 715 1612 Angnetis
738 1529 847 1591 uxoris
870 1549 957 1604 mea,
973 1528 1106 1604 dedisse,
1122 1549 1196 1592 con·
1209 1505 1360 1624 ξζζζῇοζξὴθ

57 1630 202 1705 cessisse,
212 1634 245 1693 et
255 1630 316 1692 hac
329 1628 478 1711 praesenti
490 1633 576 1690 carta
586 1628 788 1691 confirmasse
800 1627 870 1691 Deo
883 1635 915 1690 et
926 1627 1078 1691 Ecclesiae
1089 1628 1198 1692 Sancti
1210 1623 1301 1730 {3223
1307 1637 1350 1730 gn
1350 1684 1362 1730 t

57 1729 150 1793 Petri
164 1735 198 1792 et
214 1730 339 1793 Sanctae
362 1727 482 1810 Hyldae
504 1727 544 1791 de
559 1727 725 1810 Whiteby,
741 1733 774 1791 et
797 1725 962 1790 monachis
985 1727 1106 1789 ibidem
1128 1727 1199 1790 Deo
1211 1743 1238 1789 er
1247 1741 1362 1846 semep-

57 1828 284 1903 servientibus,
306 1827 347 1890 ad
369 1826 626 1890 emendationem
647 1825 811 1901 librorum,
827 1831 965 1906 quatuor
989 1823 1107 1888 solidos
1129 1824 1199 1886 red·
1212 1801 1364 1906 {2222ssssssss

58 1929 160 2004 ditus,
174 1948 231 2010 per
253 1947 368 1990 manus
390 1927 598 1990 Praecentoris
621 1924 898 2010 percipiendorum
921 1924 961 1988 de
984 1924 1077 1987 domo
1100 1924 1200 1986 Alex·
1212 1918 1365 2036 {2¹13ssssss

1286 2013 1292 2035 ,

58 2027 156 2092 andri
200 2026 356 2102 Teutone,
392 2026 546 2108 proxima,
584 2024 745 2101 videlicet,
782 2023 894 2087 domui
930 2022 1090 2086 Willelmi
1133 2023 1199 2087 filio
1213 2036 1311 2084 derived

59 2125 246 2190 Petronillae
255 2149 264 2205 3
287 2145 384 2207 quam
406 2125 538 2206 quidem
558 2124 690 2186 domum
704 2123 875 2206 praedictus
894 2122 1080 2187 Alexander
1094 2122 1134 2186 de
1148 2143 1200 2186 me
1212 2096 1328 2202 {ffiffl

58 2226 169 2290 tenuit
183 2245 240 2309 pro
255 2229 393 2308 quatuor
407 2224 518 2288 solidis
533 2222 659 2287 annuis.
702 2224 769 2306 Ego
785 2243 859 2286 vero
875 2223 997 2307 Symon
1012 2228 1044 2286 et
1058 2222 1199 2287 haeredes
1212 2215 1319 2321 ἓξὲξ·

58 2330 127 2393 mei
141 2329 266 2391 dietum
281 2327 444 2391 redditum
458 2326 620 2410 praedietis
635 2326 800 2389 monachis
823 2333 856 2390 et
878 2347 989 2390 eorum
1011 2327 1199 2391 successori·
1212 2335 1270 2380 held
1281 2335 1306 2381 01
1314 2334 1358 2381 the

58 2430 122 2494 bus
145 2436 258 2492 contra
279 2448 389 2491 omnes
411 2426 557 2490 homines
580 2427 859 2490 warantizabimus
881 2433 914 2491 et
934 2427 1142 2491 defendemus
1163 2427 1199 2489 in
1212 2398 1318 2454 greater.

58 2535 261 2614 perpetuum
306 2528 350 2590 Et
375 2533 413 2591 ut
438 2527 507 2591 haeo
529 2546 600 2590 mea
622 2525 762 2604 donatio,
785 2527 946 2590 concessio
973 2532 1005 2590 et
1031 2527 1198 2610 praesentis

60 2637 158 2694 carta
180 2627 378 2692 confirmatio
400 2632 565 2710 perpetuae
586 2625 749 2689 firmitatis
771 2626 867 2690 robur
882 2627 1027 2710 optineat
1042 2628 1078 2690 in
1092 2632 1199 2709 poste-

59 2749 143 2805 rum,
165 2747 305 2810 praesens
328 2727 483 2810 scriptum
505 2725 605 2808 sigilli
627 2726 692 2788 mei
714 2725 893 2789 munimine
914 2727 1070 2790 roboravi.
1123 2726 1198 2789 Hiis

58 2827 208 2892 testibus.
252 2825 419 2889 Willelmo
434 2826 473 2889 de
489 2824 665 2902 Lineolnia‚
676 2830 755 2888 tunc
772 2825 951 2889 Senescallo
968 2825 1006 2888 de
1021 2825 1199 2909 Whiteby.¹

61 2926 210 2991 Galfrido
234 2927 351 3002 Scotte,
373 2931 452 2989 tuno
474 2924 601 2988 Ballivo
625 2925 665 2990 de
686 2924 853 3009 Whiteby,
898 2925 1037 3007 Hugone
1064 2925 1104 2988 de
1126 2926 1198 2988 Sar-

58 3028 155 3092 trino.
202 3025 348 3090 Galfrido
370 3026 489 3088 Penok.
534 3026 630 3088 Petro
646 3025 685 3088 de
707 3025 883 3088 Lincolnia.
928 3024 1058 3087 Andrea
1081 3024 1198 3090 Scotto.

60 3128 187 3210 Rogero
203 3126 242 3189 de
258 3124 390 3189 Celario.
435 3126 557 3188 Thema
572 3124 764 3204 Marsoallo;
788 3130 820 3188 et
836 3124 916 3187 aliis.

99 3301 161 3365 XI.
183 3300 297 3362 Annas
312 3314 445 3362 naursrr
460 3314 557 3361 uuum
571 3314 701 3361 romum
716 3314 752 3361 ru
767 3299 939 3361 Kmucrm
954 3299 977 3362 J
978 3314 1106 3362 onium
1121 3314 1164 3360 nn

546 3399 720 3462 Forrreus.

106 3538 189 3600 Haec
215 3533 410 3599 rudentura2
436 3535 521 3599 fecta
546 3535 631 3599 inter
655 3535 835 3618 Religiosos
859 3535 954 3613 viros,
976 3537 1137 3601 Abbatem
1166 3545 1199 3602 et

99 3661 109 3694 ¹
121 3661 195 3712 Will.
209 3661 242 3712 de
254 3660 366 3711 Linooln
377 3677 431 3711 was
444 3661 584 3712 Senesohal
597 3661 625 3711 oi
637 3660 1087 3726 Whitby,orAbbot'sSenesebe1‚
1103 3663 1199 3731 during

60 3747 109 3799 the
132 3745 311 3809 incumbency
331 3745 359 3795 of
381 3745 474 3795 Abbot
495 3745 615 3795 Williem
636 3744 670 3794 de
695 3743 836 3805 Kirkham,
859 3744 920 3795 who
941 3746 1086 3797 succeeded
1106 3747 1199 3799 Abbot

60 3830 165 3881 Robert
183 3828 216 3879 de
234 3828 362 3894 Langtoft
381 3828 430 3890 (ob.
449 3829 535 3890 1278),
548 3827 602 3877 and
620 3827 680 3878 died
698 3827 726 3877 in
747 3829 821 3880 1304.
860 3828 979 3880 William
997 3829 1031 3879 de
1049 3829 1199 3882 Lincolnis

62 3914 92 3965 T.
106 3918 136 3964 to
149 3911 309 3963 reconvenit
323 3911 444 3962 between
456 3911 548 3961 Abbot
560 3910 679 3961 William
697 3910 751 3960 and
763 3910 882 3961 William
898 3911 1046 3963 fitzRobert
1058 3913 1092 3964 de
1111 3913 1198 3975 Deles,

61 3996 145 4047 dated
159 3997 235 4046 1286,
273 3994 324 4044 His
342 4011 419 4044 neme
437 3994 459 4044 is
477 3993 629 4059 frequently
641 3997 697 4044 met
708 3994 776 4045 with
793 3994 909 4045 without
926 3995 973 4045 the
991 3994 1201 4063 distinguishing

61 4080 124 4131 title
138 4078 166 4129 oi
179 4077 349 4139 Senesoallue‚
363 4077 390 4126 in
403 4079 473 4126 most
485 4076 512 4127 oi
527 4076 612 4126 which
625 4092 697 4126 ceses
708 4076 756 4126 the
768 4077 925 4127 documento
937 4076 1064 4127 antedete
1079 4079 1153 4129 1280.

98 4161 110 4195 ²
128 4162 195 4213 This
206 4160 274 4210 deed
285 4160 308 4210 ie
320 4161 367 4210 the
378 4159 452 4210 third
464 4159 516 4209 and
528 4159 588 4220 lest,
603 4159 632 4208 in
643 4159 720 4225 point
732 4158 760 4210 01
777 4160 849 4222 time,
863 4160 891 4210 oi
908 4159 993 4220 three,
1006 4162 1061 4208 two
1073 4159 1102 4208 of
1112 4158 1200 4210 which

61 4245 144 4299 stand
158 4243 284 4311 together
301 4243 330 4292 in
347 4242 402 4293 this
419 4242 500 4309 ploce.
537 4242 593 4291 The
611 4246 677 4294 next
694 4241 717 4292 is
736 4242 783 4292 the
800 4242 858 4292 first
875 4242 904 4291 in
923 4240 1007 4301 order,
1026 4239 1079 4290 end
1096 4241 1145 4292 No.
1168 4244 1200 4294 19

62 4329 167 4383 second.
212 4326 270 4376 The
287 4325 375 4385 letter,
395 4341 423 4376 ss
441 4324 503 4376 well
521 4341 550 4376 as
571 4324 618 4376 the
635 4328 742 4390 present
760 4325 872 4387 chomor,
891 4323 914 4374 is
932 4323 1021 4384 dated,
1041 4324 1094 4375 end
1111 4325 1200 4378 would

62 4415 89 4464 oi
105 4427 199 4465 course
211 4409 245 4460 be
257 4408 386 4459 executed
398 4408 487 4459 before
498 4407 561 4458 this.
598 4407 654 4457 The
666 4410 731 4457 next
743 4406 818 4469 deed,
831 4424 861 4458 or
873 4406 921 4458 No.
939 4409 978 4468 ll,
992 4423 1061 4472 may,
1076 4408 1129 4460 end
1141 4426 1199 4475 pro-

62 4496 143 4562 bably
156 4494 231 4556 does,
246 4491 371 4543 entedate
382 4491 429 4542 the
442 4490 519 4543 other
530 4494 585 4542 two
597 4490 634 4555 by
647 4490 748 4540 several
761 4506 845 4554 years.
