2910 5002
249 506 312 564 ato
430 494 703 569 orarum'nruu
720 515 923 568 sasernis:
941 516 991 568 na
1011 516 1201 587 warrnsr.

247 688 435 762 procurator
455 680 689 764 Religiosorum
710 682 863 758 virorum,
880 679 1022 747 Abbatis
1041 688 1076 747 et
1099 684 1202 751 Oonv.
1217 685 1332 751 Mon’ii
1349 687 1379 752 dc

249 779 415 863 Whiteby,
449 780 578 844 Ordinis
617 781 646 845 S.
684 780 862 858 Benedicti,
891 781 986 845 Ebor.
1016 782 1192 861 dioceseos,
1228 785 1382 850 ecclesian

248 878 463 961 parochialem
489 879 529 943 de
560 879 671 944 Semar
699 880 844 963 ejusdcm
870 879 1030 945 dioceseos
1065 881 1104 945 in
1132 884 1284 967 proprios
1309 905 1383 971 usus,

249 977 339 1041 salva
367 978 513 1060 portione
534 978 662 1042 vicariae
688 979 832 1063 ejusdem
858 983 892 1044 et
916 979 1036 1044 vicario
1065 987 1228 1065 perpetuo
1253 983 1384 1066 ejusdem

250 1076 418 1158 assignata,
428 1078 579 1141 canonice
591 1077 819 1161 optinentium,
830 1078 962 1142 nomine
970 1080 1195 1162 procuratorio
1206 1101 1268 1164 pro
1277 1082 1384 1147 eisdem

249 1179 281 1237 ct
293 1174 426 1239 ccclesia
438 1195 496 1239 sua
503 1176 657 1259 praedicta
667 1181 778 1240 contra
788 1176 966 1240 Dominum
980 1177 1162 1242 Robertum
1174 1179 1216 1244 de
1229 1180 1386 1265 Segbrolrc,

248 1272 351 1355 ipsius
373 1275 515 1338 ecclesiae
529 1275 696 1351 vicarium,
711 1281 745 1339 et
766 1282 876 1339 contra
891 1275 1069 1358 quemlibet
1084 1297 1144 1360 pro
1160 1278 1281 1343 eodem
1295 1300 1386 1345 coram

248 1371 341 1435 vobis
362 1373 399 1435 in
417 1373 540 1455 judicio
554 1372 698 1457 legitime
719 1381 965 1457 comparentem,
979 1375 1067 1458 quod
1088 1375 1172 1440 licet
1186 1397 1230 1441 ex
1246 1378 1386 1443 canonica

249 1471 450 1536 ordinatione
464 1472 559 1536 dictae
569 1473 706 1549 vicariae,
717 1493 754 1537 ac
766 1493 806 1536 ex
817 1472 1049 1538 consuetudine
1059 1474 1226 1539 laudabili
1236 1476 1276 1540 in
1284 1477 1387 1542 diocesi

250 1570 444 1635 Eboracensi
473 1579 506 1635 et
535 1572 685 1654 parochia
713 1571 876 1655 praedicta,
905 1591 925 1635 a
953 1573 1074 1650 decem,
1097 1573 1236 1657 viginti,
1260 1577 1386 1662 triginta,

250 1668 550 1754 qua(92¹')draginta
579 1671 681 1747 annis,
707 1677 740 1734 et
766 1671 846 1734 citra
872 1691 908 1736 ac
935 1671 1027 1748 ultra,
1052 1692 1073 1735 a
1098 1678 1254 1757 ternpore
1284 1680 1318 1739 et
1342 1695 1386 1759 per

250 1776 380 1852 tempus
402 1770 494 1854 cujus
509 1770 597 1833 initii
611 1770 765 1834 memoria
780 1769 949 1854 homini[s]
964 1790 1031 1834 non
1045 1770 1173 1848 existit,
1189 1779 1225 1837 et
1239 1773 1385 1858 praecipuc

250 1887 270 1930 a
288 1873 432 1951 tempore
455 1868 665 1933 ordinationis
687 1869 782 1932 dictae
803 1868 940 1946 vicariae,
956 1888 1067 1933 omncs
1085 1874 1119 1933 et
1142 1871 1272 1956 singuli
1290 1872 1385 1939 vicarii

250 1967 346 2031 dictae
375 1968 526 2046 ecclesiae,
554 1967 675 2052 singuli
706 1988 764 2051 pro
798 1968 864 2031 suis
897 1969 1104 2051 temporibus,
1135 1972 1385 2037 tenebantnrct

250 2073 495 2144 consueverunt,
509 2067 647 2150 quilibet
667 2066 849 2144 eorundem,
864 2073 898 2131 et
919 2067 1080 2151 praecipue
1101 2068 1217 2135 dictus
1240 2072 1386 2136 Dominus

252 2166 410 2230 Robertus
437 2166 576 2230 vicarius
606 2165 787 2242 modernus,
816 2165 947 2230 nomine
972 2166 1102 2230 vicariae
1127 2187 1200 2232 suco
1231 2171 1387 2235 tenebatur

251 2272 285 2328 et
305 2270 434 2329 tenetur
459 2266 566 2329 subire
589 2269 622 2328 et
643 2269 831 2348 supportare
851 2264 960 2328 omnia
981 2285 1078 2329 onera
1100 2266 1273 2333 ordinaria
1297 2268 1385 2334 eidem

251 2362 394 2427 ccclesiae
422 2362 652 2439 incumbentia,
678 2368 711 2426 et
736 2362 811 2445 jura
836 2362 1029 2447 episcopalia
1056 2363 1098 2427 ab
1122 2364 1245 2430 eadem
1269 2366 1386 2433 ecclcda

251 2461 517 2546 qualitercunque
549 2462 659 2525 debita
690 2468 747 2526 aut
777 2462 934 2546 exigenda
965 2462 1169 2547 integraliter
1200 2466 1337 2543 solvere,
1360 2472 1385 2529 et

251 2561 392 2645 plenarie
421 2560 604 2624 satisfacere
633 2561 673 2625 de
710 2561 831 2625 eisdem
859 2581 963 2644 usque
998 2567 1129 2645 tempus
1165 2563 1384 2631 subtractionis

251 2660 319 2739 sive
348 2658 557 2724 recusationis
582 2659 811 2743 infrascriptae;
841 2660 1057 2744 praefatusque
1087 2660 1197 2727 D'nus
1231 2664 1385 2737 Robertm

250 2759 398 2835 vicarius,
416 2778 473 2842 pro
495 2764 639 2841 tempore
661 2778 729 2834 suo,
744 2779 780 2822 ac
801 2779 911 2823 omnes
934 2765 967 2823 et
988 2759 1109 2843 singuli
1131 2780 1345 2843 praecessores
1360 2768 1386 2825 ct

252 2860 494 2943 praedecessores
510 2858 569 2935 sui,
581 2858 676 2922 dictae
690 2857 832 2922 ecclesiae
846 2859 969 2936 vicarii,
979 2857 1100 2942 singuli
1111 2859 1182 2925 suis
1193 2862 1385 2947 temporibus

250 2964 493 3035 consueverunt,
530 2965 563 3022 et
599 2957 736 3040 quilibet
772 2978 883 3022 eorum
919 2958 1087 3023 consuevit
1122 2979 1235 3044 usquc
1272 2968 1386 3047 tempus

251 3056 478 3123 subtractionis
507 3055 726 3138 infrascriptae,
751 3055 937 3140 hujusmodi
962 3058 1037 3141 jura
1066 3057 1281 3142 episcopalia,
1306 3078 1387 3125 onera

252 3157 411 3221 ordinaria
426 3155 531 3220 eidem
553 3155 694 3219 ccclesiae
715 3155 945 3234 incumbentia,
954 3162 1017 3220 -aut
1030 3176 1087 3240 per
1100 3156 1387 3245 Archiepiscopun

251 3258 411 3341 imposita,
435 3255 634 3339 integraliter
663 3254 794 3332 solvere,
816 3256 932 3333 subire,
954 3262 988 3320 et
1017 3262 1222 3341 supportare,
1247 3279 1288 3325 ac
1315 3260 1388 3345 ipsos

252 3357 414 3420 Abbatcm
422 3361 454 3419 et
465 3353 760 3419 Conuasolutione
769 3359 801 3418 et
811 3355 1052 3439 supportatione
1062 3354 1260 3439 hujusmodi
1268 3378 1389 3425 onerum

252 3455 491 3529 ordinariorum,
516 3461 549 3517 et
574 3453 698 3536 jurium
727 3453 958 3537 episcopalium
986 3454 1228 3537 predictorum,
1259 3458 1390 3523 relevare

252 3559 285 3618 et
303 3572 462 3626 excusare,
476 3556 572 3634 prout
586 3551 622 3614 in
636 3551 696 3616 hac
718 3558 818 3635 parte,
832 3552 989 3618 veraciter
1008 3552 1220 3633 tenebantur,
1235 3560 1271 3621 et
1292 3574 1390 3623 eorum

252 3652 391 3737 quilibet
411 3651 588 3727 tenebatur,
603 3651 773 3734 dictusque
795 3652 899 3715 D‘nus
922 3652 1090 3728 Robertus,
1104 3652 1266 3733 vicarius,
1283 3654 1390 3721 suffici·

253 3758 360 3817 entem
387 3755 420 3814 et
445 3748 632 3812 canonicam
648 3769 685 3812 ac
700 3755 937 3833 competentem
966 3750 1149 3833 portionem
1170 3751 1217 3818 dc
1240 3755 1390 3821 fructibus

253 3858 286 3917 et
304 3849 513 3936 proventibus
536 3847 639 3932 ipsius
661 3848 801 3913 ecclesiae
824 3850 888 3913 sibi
908 3849 1104 3932 assignatam
1125 3854 1391 3937 proquibusdam

252 3951 401 4016 oneribus
414 3947 581 4012 ordinariis
593 3968 630 4011 ac
642 3948 768 4030 juribus
780 3948 1014 4032 episcopalibus
1026 3948 1218 4031 subeundis,
1230 3952 1392 4027 solvendis.

252 4073 311 4117 seu
339 4047 574 4132 supportandis,
601 4046 724 4125 habuit,
750 4052 784 4112 ct
813 4047 918 4125 habet,
942 4068 980 4112 ac
1005 4048 1144 4132 percipit
1169 4049 1212 4115 in
1242 4054 1392 4139 prasenti,

252 4150 469 4235 praefatusque
501 4146 605 4209 D'nus
642 4146 810 4224 Robertus,
839 4147 987 4224 vicarius,
1017 4146 1182 4230 quoddam
1217 4152 1391 4219 subsidium

252 4248 437 4316 Reverendo
466 4247 502 4309 in
532 4246 660 4310 Christo
689 4248 774 4331 patri
803 4253 836 4312 et
865 4248 1004 4325 domino,
1026 4247 1170 4311 Domino
1202 4250 1391 4325 Alexandro

251 4353 293 4416 D.
309 4350 348 4414 G.
363 4347 498 4411 Eboraci
513 4346 772 4430 Archiepiscopo,
787 4348 827 4412 dc
842 4368 927 4412 anno
949 4347 1066 4411 ultimo
1087 4351 1266 4431 praeterito
1280 4355 1325 4421 ab
1337 4354 1391 4439 ips

253 4448 386 4515 ecclesia
404 4453 437 4512 ct
452 4447 538 4510 dicto
553 4447 637 4510 D'uo
653 4447 801 4526 Robcrto,
815 4448 945 4526 vicario,
961 4447 1091 4513 nomine
1106 4447 1248 4519 vicariae
1264 4452 1392 4541 ejusden
