2910 5002
281 546 342 608 310
467 559 738 612 OARTULARIUM
756 560 960 612 ABBATHIAE
977 561 1027 613 DE
1047 561 1235 614 WHITEBY.

281 724 320 788 de
337 725 541 808 Scirpenbek‚
552 726 644 789 Ebor.
657 725 827 802 dioceseos,
837 746 873 790 ac
886 725 992 790 Curiae
1002 727 1094 790 Ebor.
1105 728 1294 803 advocatus,
1301 727 1398 810 palam

281 825 419 906 publice,
445 830 478 888 et
507 845 566 887 sua
595 830 771 907 spontanea
800 824 978 902 voluntate,
1003 830 1042 889 ut
1071 825 1165 903 dixit,
1195 825 1355 889 fatebatur
1380 832 1408 888 et

281 925 467 1006 recognovit
488 924 608 987 dietam
632 924 707 987 eccl.
731 944 823 986 suam
847 923 886 987 de
911 923 1111 1007 Scirpenbek
1134 925 1308 1009 Religiosis
1330 924 1406 998 viris,

281 1022 404 1085 Abbati
419 1029 451 1085 et
474 1023 572 1087 Oonv.
590 1023 780 1087 Monasterii
803 1023 842 1086 de
857 1023 1006 1107 Whitby,
1030 1024 1161 1088 Ordinis
1184 1025 1216 1090 S.
1241 1024 1406 1098 Benedicti,

281 1122 373 1186 Ebor.
397 1123 566 1200 dioceseos,
581 1123 725 1206 patronis
748 1123 892 1206 ejusdem
914 1123 1065 1200 ecclesiae,
1080 1123 1180 1189 1111666
1203 1130 1238 1188 61
1253 1145 1321 1188 6666
1341 1143 1408 1206 pen-

281 1222 453 1285 sionarium
479 1223 645 1286 annuatim
667 1223 704 1285 in
729 1222 789 1285 xiii
813 1243 837 1286 s.
862 1227 895 1286 et
917 1222 993 1285 iiii⁰r
1017 1223 1046 1286 d.
1068 1222 1309 1307 sterlingorum,
1322 1243 1407 1286 unam

282 1341 423 1384 marcam
437 1322 472 1384 in
488 1322 609 1405 Anglia
631 1321 811 1384 secundum
828 1320 1094 1384 consuetudinem
1115 1321 1242 1385 ibidem
1264 1323 1405 1386 usitatam

281 1420 480 1497 facientium,
495 1427 527 1483 et
549 1420 657 1503 ipsum
672 1420 713 1483 ad
728 1419 916 1503 hujusmodi
934 1420 1122 1502 pensionem
1137 1422 1310 1485 annuatim
1325 1420 1406 1484 dietis

283 1520 453 1602 Religiosis
469 1520 547 1583 viris
562 1518 701 1582 fideliter
715 1518 904 1582 solvendam
919 1538 1067 1602 expresse
1082 1519 1243 1604 obligavit
1265 1520 1405 1604 quamdiu

283 1620 452 1702 contigerit
474 1619 583 1702 ipsum
605 1639 675 1682 esse
696 1623 853 1682 rectorem
875 1618 1018 1682 ecclesiae
1039 1619 1244 1701 supradictae,
1260 1620 1341 1684 etin
1355 1621 1404 1702 sig-

284 1739 363 1780 num
385 1719 548 1800 pensionis
571 1718 759 1800 hujusmodi
781 1718 898 1781 debitae
924 1716 1095 1800 Religiosis
1121 1718 1306 1796 antedictis,
1330 1719 1404 1782 fratri

282 1817 377 1880 Petro
401 1817 439 1879 de
463 1816 667 1899 Η61111Ῑ1616,1
690 1817 847 1880 monacho
870 1816 951 1880 dicti
975 1816 1176 1893 Monasterii,
1202 1817 1326 1882 ibidem
1347 1837 1402 1901 per-

283 1917 437 1980 sonaliter
451 1918 602 2000 praesenti
616 1917 748 1981 nomine
764 1917 939 1980 eorundem
960 1915 1195 1999 Religiosorum
1212 1923 1245 1982 61
1259 1938 1317 2001 pro
1330 1917 1403 2000 ipsis,

284 2038 387 2080 unum
401 2016 564 2100 grossum²
586 2017 718 2100 argenti,
741 2020 880 2099 quatuor
894 2015 1041 2079 denarios
1060 2015 1290 2100 sterlingorum
1314 2013 1401 2101 (1241)
1449 2018 1451 2041 ²

284 2116 415 2191 faciens,
431 2116 520 2179 dedit
531 2120 564 2178 et
578 2115 728 2179 liberavit
737 2121 818 2178 tunc
828 2113 959 2178 ibidem.
995 2114 1080 2177 Acta
1093 2113 1228 2177 fuerunt
1243 2115 1312 2179 haec
1326 2122 1404 2198 prout

285 2233 381 2296 supra
397 2216 583 2278 scribuntur
605 2215 665 2277 sub
688 2235 783 2291 anne,
804 2213 991 2290 indictione,
1013 2213 1214 2296 pontificatu,
1236 2235 1353 2292 mense,
1366 2213 1404 2276 dic
1445 2182 1451 2311 Ι

284 2320 317 2376 61
331 2314 400 2376 1666
415 2314 587 2396 praedietis,
602 2314 812 2395 praesentibus
829 2313 975 2376 discretis
987 2313 1065 2376 viris
1081 2313 1241 2397 Magistro
1256 2314 1403 2378 Willelmo

287 2413 326 2475 de
349 2413 472 2495 Fereby
488 2412 528 2475 de
550 2414 653 2489 Ebor,
670 2412 775 2477 Curiae
797 2413 1006 2476 Eboracensis
1028 2413 1192 2490 advocato,
1213 2419 1248 2478 et
1261 2414 1364 2478 Adam
1376 2413 1404 2475 de

286 2513 420 2594 Sartryn
435 2512 474 2575 de
498 2513 678 2588 Haknesse,
692 2512 829 2588 literato,
844 2513 936 2576 Ebor.
954 2512 1125 2590 dioceseos,
1141 2518 1174 2576 et
1189 2512 1263 2578 aliis
1285 2513 1404 2578 testibus

282 2613 323 2675 ad
338 2612 502 2694 praemissa
517 2613 639 2675 vocatis
655 2612 837 2695 specialiter
852 2617 885 2676 et
899 2612 1027 2695 rogatis.

327 2712 371 2774 Et
393 2731 450 2795 ego
465 2711 643 2774 Nicbclaus
659 2712 768 2774 Broun
791 2712 830 2774 de
853 2710 1057 2795 Esyngwald
1072 2711 1229 2788 Clericus,
1245 2712 1338 2776 Ebor.
1353 2711 1404 2774 dio·

284 2833 400 2889 ceseos,
436 2812 586 2895 publicus
619 2812 811 2875 auctoritate
843 2811 1031 2895 Apostolica
1064 2812 1222 2889 notarius,
1251 2810 1404 2896 praemissis

283 2912 699 2996 recognitioni,obligationi
708 2917 741 2974 et
752 2911 944 2988 liberationi,
952 2931 988 2975 ac
999 2911 1279 2976 omnibusaliiset
1287 2909 1403 2996 singulis

284 3012 485 3095 supradictis,
500 3011 579 3074 dum
601 3011 656 3088 sic,
678 3017 716 3073 ut
737 3011 956 3094 praemittitur,
971 3017 1142 3095 agerentur
1163 3016 1198 3075 et
1220 3012 1343 3089 fierent,
1355 3027 1405 3073 11111

284 3133 359 3176 cum
373 3111 614 3194 praenominatis
629 3111 768 3174 testibus
783 3111 993 3194 personaliter
1006 3131 1147 3194 praesens
1161 3111 1309 3188 interfui,
1323 3128 1405 3193 eaque

284 3212 330 3274 616
352 3211 421 3273 fieri
443 3211 512 3273 vidi
533 3215 566 3273 et
590 3210 710 3286 audivi,
733 3211 855 3293 scripsi,
878 3215 911 3273 61
932 3210 968 3273 in
990 3209 1074 3274 hanc
1099 3209 1269 3293 publicam
1289 3211 1406 3275 formam
1442 3208 1446 3215 '

283 3311 400 3393 redegi,
411 3311 566 3394 signoque
582 3329 652 3373 meo
668 3316 820 3373 consueto
835 3308 961 3393 signavi
974 3316 1104 3392 rogatus
1119 3309 1155 3373 in
1169 3310 1272 3375 fidem
1286 3307 1406 3376 6116611-

284 3410 430 3471 monium
444 3410 688 3492 praemissorum.

514 3556 756 3621 OOOLXXIII.
771 3557 860 3620 11111
875 3573 918 3619 on
934 3557 1149 3622 Scnnnnamr.

329 3680 489 3744 Noverint
522 3680 665 3744 universi
694 3701 752 3763 per
785 3685 958 3765 praesentes
987 3701 1048 3757 me,
1077 3679 1290 3746 Willelmum
1322 3681 1407 3746 filiun

285 3781 415 3843 Thomae
438 3780 592 3864 Ohancy3
614 3780 772 3844 seniorem
796 3780 835 3844 de
858 3780 1063 3862 Scirpenbek,
1078 3780 1253 3859 remisisse,
1269 3781 1408 3846 relaxasse

284 3888 317 3943 et
332 3901 388 3962 pro
405 3901 454 3943 me
471 3886 503 3943 et
517 3880 593 3944 haer.
609 3880 689 3943 111616
704 3880 944 3962 imperpetuum
967 3880 1115 3963 quietum
1130 3878 1294 3947 clamasse
1308 3876 1408 3946 Abbati

284 3986 317 4042 et
333 3980 430 4042 Conv.
443 3980 633 4043 Monasterii
649 3980 688 4043 de
704 3979 1070 4062 Whitebyomnimodas
1081 3979 1237 4058 actiones,
1248 3986 1321 4046 tam
1330 3977 1408 4045 reale

284 4100 381 4161 quam
396 4080 587 4162 personales,
600 4099 680 4161 quas
691 4099 803 4143 versus
820 4099 873 4142 eos
885 4079 994 4156 habui,
1010 4099 1067 4143 6611
1078 4078 1190 4162 aliquo
1202 4080 1304 4146 modo
1314 4080 1408 4147 haben

319 4202 329 4236 1
347 4204 450 4254 Named
461 4204 490 4254 in
501 4204 548 4255 the
560 4205 608 4255 list
621 4204 648 4254 of
660 4204 756 4254 monks
768 4203 846 4270 given
859 4203 888 4253 in
900 4203 950 4254 No.
965 4204 1016 4260 377
1028 4219 1058 4254 116
1070 4202 1224 4256 Β111111111116.
1431 4132 1440 4257 l

319 4286 330 4318 2
350 4288 459 4338 “Grote
472 4288 499 4337 of
511 4305 612 4352 money.
652 4285 784 4338 Graecus”
800 4288 930 4353 (Prompt.
945 4287 1140 4350 Parvulorum).

318 4369 329 4402 ³
348 4370 396 4420 See
409 4371 459 4421 No.
471 4373 530 4432 530,
547 4370 634 4421 which
647 4370 669 4420 is
683 4370 764 4421 dated
782 4370 810 4420 in
826 4372 902 4431 1346,
918 4387 947 4420 61
960 4386 1032 4421 some
1044 4372 1151 4435 twenty
1168 4386 1251 4436 years
1262 4370 1354 4425 1161616
1362 4368 1406 4425 ibit

282 4454 335 4503 and
348 4453 464 4504 wherein
486 4454 624 4504 “Thomas
644 4454 677 4504 de
690 4453 819 4518 Chauncy
832 4453 870 4504 fil.
884 4453 956 4505 Will
970 4453 1005 4504 de
1026 4452 1156 4519 Ohauncy
1167 4453 1204 4532 de
1223 4446 1408 4524 sekirpmbek'

278 4537 351 4601 gives
365 4553 381 4586 a
393 4537 500 4602 general
514 4537 698 4588 confirmation
711 4538 739 4587 of
753 4538 789 4587 all
801 4537 943 4588 donatione
956 4537 984 4587 of
996 4535 1043 4587 his
1049 4539 1187 4588 moseten
1199 4541 1231 4591 1ο
1243 4539 1366 4607 whitty.
1424 4592 1427 4601 ,
