2866 5002
146 498 249 560 xxxiv
454 513 747 566 INTRODUOTORY
765 512 967 565 GHAPTERS.

148 677 255 760 coepit,
269 679 326 759 qui
340 684 414 760 post
429 677 498 760 ejus
512 678 637 741 obitum
651 679 825 762 migrantes
846 678 1034 752 Eboracum,
1049 675 1281 738 Monasterium

148 776 352 840 inhonorem
367 777 493 841 Sanctae
516 778 630 841 Mariae
652 798 779 861 semper
792 776 947 860 Virginis,
963 775 1049 859 quod
1071 794 1161 838 nunc
1174 772 1282 836 Abbas

150 875 332 957 Stephanus
357 881 487 940 strenue
517 877 608 960 regit,
630 875 1028 959 construxerunt-(Sym.
1051 873 1202 937 Dcaebm.
1234 892 1283 954 pp.

153 979 306 1051 198-201,
324 979 395 1050 203,
412 976 500 1058 204.)

193 1073 258 1137 III.
281 1073 371 1138 Then
394 1094 440 1138 we
462 1074 545 1138 have
560 1074 615 1139 the
638 1081 726 1157 story
740 1075 836 1157 given
859 1073 894 1136 in
916 1073 971 1137 the
986 1071 1148 1136 narrative
1164 1069 1283 1152 alleged

150 1179 184 1236 to
206 1172 246 1235 be
268 1173 312 1255 by
327 1173 470 1255 Stepben
485 1174 519 1236 of
540 1173 677 1256 Whitby
692 1174 726 1237 of
746 1174 803 1237 the
825 1171 1016 1237 foundation
1036 1172 1070 1234 of
1096 1170 1143 1236 St.
1166 1169 1283 1253 Mary’s

151 1269 266 1352 Abbey
280 1276 314 1333 at
328 1271 426 1347 York,
441 1292 460 1334 a
475 1291 557 1355 copy
572 1271 607 1334 of
618 1271 725 1336 which
740 1270 951 1337 1611611611-

195 1368 226 1432 S.
238 1369 354 1432 Marica
368 1370 501 1433 Eboraci
517 1369 707 1436 coenobium.

196 1467 247 1530 De
262 1467 451 1531 fundatione
463 1469 610 1532 Abbatiae
625 1469 750 1533 Sanctae
765 1469 882 1533 Marica
896 1468 1039 1551 Virginis
1048 1467 1187 1531 Eboraci
1202 1485 1282 1529 anno

152 1565 193 1627 ab
223 1565 441 1630 incarnatione
470 1566 604 1629 Domini
632 1567 814 1650 mlxxxviij.
873 1566 1023 1630 Fundata
1052 1564 1116 1628 fuit
1145 1564 1283 1628 Abbatia

153 1663 297 1746 ejusdem
311 1669 349 1726 ut
363 1664 448 1728 infra
462 1665 593 1747 patebit.

197 1762 352 1839 Quamvis
368 1771 478 1827 sancta
492 1784 558 1827 una
568 1769 601 1827 et
612 1762 801 1828 universalis
814 1764 921 1827 Mater
928 1761 1073 1826 Ecclesia
1086 1781 1146 1843 per
1158 1760 1283 1825 univer·

153 1861 247 1925 sum²
263 1863 370 1928 orbem
392 1863 486 1947 longe
501 1863 631 1946 lateque
657 1863 782 1940 diffusa,
797 1884 816 1927 a
831 1862 908 1926 filiis
930 1861 997 1925 suis
1020 1881 1100 1944 quos
1115 1861 1179 1924 sibi
1201 1861 1286 1943 virgo

153 1969 255 2026 mater
268 1983 325 2045 per
340 1984 457 2046 aquam
472 1963 675 2045 baptismatis
690 1968 829 2046 generat,
844 1962 1019 2025 honoretur
1033 1968 1066 2024 et
1087 1961 1286 2044 praedicatur,

153 2062 265 2125 multae
279 2069 388 2125 tamen
403 2061 543 2125 ecclesiae
565 2061 599 2124 in
614 2062 740 2125 unitate
762 2061 837 2125 fidei
857 2060 1023 2125 catholicae
1038 2080 1078 2123 ex
1094 2080 1131 2124 eo
1146 2066 1286 2142 tempore

154 2180 217 2242 quo
241 2159 401 2223 exlatere
423 2160 499 2222 Jcsc
523 2159 641 2223 01111611
662 2161 698 2222 111
720 2180 813 2224 cruce
835 2160 1024 2223 dormientis
1046 2158 1204 2222 fabricata
1233 2164 1286 2234 est,

153 2257 330 2321 secundum
360 2257 564 2321 devotionem
592 2258 737 2322 fidelium
763 2258 970 2332 aedificantur,
1000 2263 1097 2339 atque
1128 2257 1285 2320 611111116-

153 2354 272 2418 mentis
291 2355 464 2437 jaciuntur,
479 2362 517 2419 ut
538 2377 618 2439 quos
633 2357 730 2420 unius
753 2356 894 2421 ecclesiae
917 2356 1007 2420 sinus
1028 2360 1160 2438 propter
1182 2355 1287 2438 ampla

154 2454 258 2537 spatia
272 2461 364 2518 terrra
379 2462 412 2518 et
426 2455 523 2520 maris
538 2457 652 2539 nequit
674 2456 949 2539 comprehendere,
965 2455 1000 2518 in
1015 2455 1129 2519 multis
1144 2455 1285 2519 ecclesiis

154 2553 251 2616 fidem
272 2560 391 2617 rectam
405 2560 552 2618 tenentes
575 2556 696 2638 operari
722 2556 882 2633 studeant,
897 2575 969 2638 quae
983 2559 1057 2636 post
1078 2553 1164 2616 hanc
1187 2554 1287 2617 vitam

153 2653 320 2717 venientes
335 2673 410 2716 cum
424 2654 620 2718 exaltatione
635 2675 654 2717 a
669 2656 810 2718 Domino
826 2653 1042 2737 centuplicata
1057 2653 1225 2735 recipiant.

198 2750 295 2815 Unde
321 2773 377 2835 ego
400 2753 498 2816 frater
517 2753 702 2835 Sicpliortcca,
723 2754 821 2837 hujus
848 2754 974 2817 Sancta
998 2751 1115 2815 Matris
1137 2751 1288 2816 Ecclesiae

154 2849 249 2926 filius,
272 2851 371 2915 nullis
393 2852 473 2915 meis
495 2852 750 2935 praecedentibus
776 2852 910 2927 meritis,
931 2851 988 2915 sed
1011 2850 1078 2915 sola
1102 2851 1167 2914 Dei
1189 2851 1289 2935 gratia

154 2949 354 3032 fratrumque
375 2971 520 3014 meorum
541 2951 689 3013 unanimi
714 2950 796 3014 mihi
818 2950 998 3015 faventium
1013 2950 1170 3014 electione
1193 2949 1287 3013 abbas

155 3049 359 3126 constitutus,
374 3049 512 3133 qualiter
526 3050 567 3113 ad
581 3050 669 3113 huno
683 3049 819 3133 gradum
848 3049 1056 3132 pervenerim,
1071 3049 1125 3113 vel
1150 3049 1288 3132 qualiter

155 3149 298 3213 Ecclesia
308 3150 433 3214 Sanctae
447 3150 564 3212 Marcia
578 3149 713 3212 Eboraci
728 3149 790 3225 cui,
805 3149 875 3212 Deo
890 3153 1026 3224 auctore,
1042 3148 1167 3231 primus
1181 3148 1288 3211 Abbas

155 3247 249 3311 datus
265 3269 346 3324 sum,
358 3247 493 3311 fundata
504 3247 556 3324 sit,
567 3247 608 3311 ad
618 3255 818 3330 posterorum
829 3247 1016 3311 memoriam
1024 3247 1129 3310 literis
1139 3245 1288 3310 mandare

155 3345 274 3421 curavi,
285 3353 322 3409 ut
333 3345 437 3409 sciant
446 3353 618 3427 praesentes
630 3352 662 3409 et
676 3347 779 3410 futuri
791 3345 911 3429 posteri
925 3346 1036 3422 nostri,
1048 3345 1106 3428 qui
1114 3344 1168 3408 vel
1181 3345 1289 3428 quales

155 3444 252 3527 hujus
263 3450 380 3506 nostrae
392 3443 542 3506 Ecclesiae
552 3444 745 3524 fundatores,
756 3446 797 3510 de
808 3446 938 3529 quantis
953 3444 1139 3508 invidorum
1148 3446 1288 3510 turbini·

191 3615 201 3650 ¹
213 3616 277 3667 This
289 3616 312 3666 is
324 3617 370 3667 the
382 3632 449 3682 copy
461 3615 566 3682 printed
579 3616 615 3683 by
622 3616 743 3684 Dugdale
755 3619 823 3668 from
833 3618 930 3669 1116115.
941 3619 967 3667 111
978 3617 1026 3668 the
1035 3616 1163 3668 Bodleian
1171 3617 1289 3683 Library,

155 3700 208 3751 and
226 3700 328 3750 headed
346 3700 383 3766 by
400 3700 456 3750 him
476 3703 491 3728 ‘⁶
501 3700 526 3752 S.
547 3701 640 3752 Mariae
658 3701 769 3752 Eboraci
787 3699 1013 3762 Cenobium,”-“
1021 3701 1062 3750 Ex
1080 3704 1189 3753 vetusto
1207 3716 1251 3754 urs.
1264 3701 1290 3751 in

155 3783 213 3835 Bib.
228 3782 370 3833 Bodleiano
382 3784 492 3834 authore
505 3783 567 3835 Sim.
581 3784 704 3836 Warwic.
721 3787 745 3848 [8
759 3785 802 3835 W.
815 3787 859 3848 46]
871 3787 904 3836 92
914 3783 955 3834 a.'’
991 3783 1056 3834 This
1064 3798 1108 3835 urs.
1119 3785 1143 3835 is
1152 3784 1290 3836 otherwise

156 3865 301 3916 nunrbered
320 3866 422 3918 NEA.
437 3867 461 3928 3,
477 3869 519 3929 20,
540 3869 594 3919 and
613 3872 642 3919 at
653 3872 760 3934 present
781 3868 804 3919 it
822 3868 844 3918 is
863 3867 981 3930 marked,
1002 3868 1016 3918 I
1035 3867 1145 3929 believe,
1166 3868 1291 3933 “Bodley

156 3964 199 4000 us
214 3948 272 4001 39.'’
309 3950 393 4001 There
411 3951 434 4001 is
452 3952 564 4002 another
580 3968 649 4017 copy
660 3952 689 4001 in
706 3952 753 4002 the
771 3952 883 4017 Library
896 3951 924 4002 of
942 3952 1043 4017 Corpus
1056 3951 1156 4003 Christi
1177 3951 1290 4017 Collega

156 4032 204 4083 the
216 4033 360 4085 variatione
377 4033 406 4084 iu
418 4035 504 4085 which
517 4035 531 4085 I
543 4052 586 4086 am
603 4035 715 4086 enabled
730 4039 760 4086 to
777 4040 840 4086 note
858 4035 975 4102 through
992 4035 1084 4086 Canon
1102 4032 1209 4086 Raine’s
1227 4033 1292 4084 kind

103 4153 105 4158 .
157 4117 310 4180 permission
321 4122 350 4169 16
362 4117 441 4168 make
453 4135 498 4170 use
511 4119 538 4169 of
555 4119 597 4169 his
615 4134 689 4184 copy.
726 4119 783 4169 The
802 4118 917 4184 heading
933 4118 961 4168 in
978 4117 1025 4168 the
1037 4119 1139 4183 Corpus
1156 4134 1224 4184 copy
1237 4119 1292 4168 is-

160 4199 323 4259 “Quomodo
341 4205 369 4251 et
387 4218 403 4252 a
421 4201 518 4267 quibus
537 4201 692 4252 Ooencbium
714 4201 817 4253 Sanctae
836 4201 927 4252 Mariae
946 4201 1059 4252 Eboraci
1078 4200 1195 4252 fundata
1212 4202 1249 4252 sit
1266 4205 1292 4251 et

157 4285 269 4342 quantas
286 4282 436 4334 invidorum
454 4282 669 4349 perturbaciones
682 4284 817 4349 compulsa
828 4283 994 4348 sustinuerit,
1007 4283 1054 4333 sed
1067 4282 1117 4334 Dei
1136 4288 1291 4351 protagente

157 4364 244 4426 gracia
255 4365 337 4432 magis
349 4383 380 4416 ao
393 4367 474 4432 magis
487 4369 565 4416 aucta
576 4369 604 4416 et
616 4366 794 4432 multiplicata
805 4365 911 4418 fuerit.’'
924 4381 925 4385 ¹

192 4443 356 4498 21611116161611
368 4448 480 4498 omitted
492 4449 521 4499 in
533 4448 560 4499 0.
578 4449 692 4514 (Corpus
705 4451 759 4510 ue.)
