2866 5002
282 557 321 614 98
465 567 738 620 OARTULARIUM
757 568 960 621 ABBATHIAE
978 569 1028 622 DE
1044 569 1235 623 WHITEBY.

116 741 194 801 burch
205 742 253 788 ana
283 733 455 811 Martuna;
478 732 543 797 scil.
560 752 659 795 unam
674 753 780 797 acram
795 739 829 798 et
843 733 919 796 dim.
936 734 1110 817 separatim
1124 734 1162 797 in
1185 729 1416 806 Brachanhou,¹

114 801 255 848 themonks
374 833 379 844 .
483 831 490 844 ·
872 832 878 844 .
1038 832 1044 845 .

116 860 255 919 oswhitby
283 839 316 896 et
338 832 435 894 aliam
459 831 533 894 dnn.
550 851 657 894 acram
679 852 791 897 versus
814 832 1014 897 occidentem
1036 854 1071 895 111
1087 833 1201 898 eodem
1223 831 1415 905 Bracanhcu,

117 933 269 1025 ffilfflissffl
283 951 357 994 curn
372 930 511 1013 pasturis
527 931 567 993 ad
583 931 711 994 easdem
726 951 814 995 acras
829 931 1078 1014 pertinentibus,
1093 938 1126 996 et
1141 953 1170 997 v.
1187 953 1280 997 acras
1295 936 1327 995 et
1347 930 1413 993 dim.

118 1037 208 1095 Fields,
220 1039 245 1083 in
285 1031 323 1093 de
339 1031 397 1092 t’ra
412 1030 533 1106 arabili,
549 1035 583 1094 et
605 1030 680 1094 dim.
697 1051 803 1095 acram
817 1031 857 1095 de
872 1038 1005 1115 pastura
1020 1032 1061 1095 ad
1084 1031 1159 1096 illas
1180 1033 1363 1116 pertinente
1381 1030 1411 1091 in

117 1097 185 1143 three
201 1097 271 1143 allot·
435 1129 441 1141 .
1184 1132 1190 1144 ,

118 1156 272 1209 menania
285 1129 411 1193 cultura
432 1129 489 1192 rlla
511 1149 584 1211 quae
605 1136 739 1194 vocatur
758 1129 999 1214 Langelsndes,2
1021 1152 1093 1214 quae
1115 1138 1167 1195 cst
1176 1136 1276 1214 Juxta
1290 1129 1409 1194 eandem

117 1215 254 1378 {ffl‘ffl
286 1228 475 1291 Bracanhou
498 1235 530 1291 et
555 1229 766 1312 propinquior
792 1229 1008 1294 Alfelcbricd²
1039 1251 1080 1294 ex
1104 1232 1259 1296 omnibus
1289 1227 1408 1294 culturis

120 1333 266 1438 w‘i’pplppds
286 1327 376 1391 feudi
404 1328 477 1403 mei,
507 1334 540 1391 et
576 1349 648 1411 quac
685 1329 872 1393 extenditur
907 1329 943 1391 in
972 1328 1105 1412 longum
1135 1330 1175 1395 de
1205 1331 1312 1394 divisa
1337 1329 1408 1390 inter

121 1451 253 1510 oruerpffi.
288 1425 506 1490 Oaldecothe⁴
528 1431 561 1489 et
576 1427 721 1504 Martun,
735 1447 840 1510 usque
860 1427 902 1491 ad
917 1448 1036 1510 aquam
1051 1449 1124 1511 quar
1146 1435 1197 1492 est
1218 1429 1324 1492 divisa
1336 1427 1408 1489 iuter

118 1511 259 1628 1ξᾷξὲῐο
288 1545 417 1606 campos
443 1524 483 1588 de
508 1526 643 1588 Martun
665 1530 698 1589 et
721 1526 760 1589 de
783 1525 996 1610 Midlesburg,
1011 1547 1086 1591 cum
1101 1531 1172 1591 tota
1196 1533 1328 1610 pastura
1347 1542 1407 1607 qua

119 1628 171 1697 him
179 1628 265 1674 within
288 1624 328 1687 ad
358 1644 409 1688 mc
435 1625 574 1708 pertinet
602 1625 687 1688 infra
716 1625 845 1689 easdem
874 1625 995 1690 divisas
1025 1631 1059 1690 et
1087 1625 1236 1690 rivulos⁵
1262 1625 1333 1690 illos
1360 1621 1406 1705 qui

119 1701 459 1801 {dilancinantium
484 1722 629 1805 undique
655 1723 797 1788 culturas
822 1730 855 1788 et
880 1731 1027 1808 pasturas
1050 1725 1090 1789 de
1115 1725 1307 1789 Bracanhcu
1328 1728 1358 1787 et
1377 1720 1408 1782 de

121 1808 237 1924 ffito
288 1820 528 1904 Langelandes,⁶
550 1827 583 1885 et
610 1842 684 1885 cum
710 1843 794 1886 omn.
821 1822 895 1887 aliis
920 1823 1119 1888 aisiamentis
1146 1829 1180 1887 et
1209 1822 1348 1907 pasturis
1374 1818 1407 1882 ad

121 1924 222 1970 01101082·
288 1921 416 1984 easdem
446 1929 545 1984 terras
575 1921 820 2004 pertinentibus.
864 1923 909 1986 Et
934 1923 963 1986 si
989 1923 1159 2007 contigerit
1187 1923 1276 2006 quod
1298 1918 1408 2006 praelati

288 2019 438 2082 monachi
460 2019 622 2082 voluerint
643 2019 807 2085 includere
830 2021 973 2086 culturas
997 2028 1031 2085 et
1056 2027 1204 2105 pasturas
1226 2022 1305 2085 istas
1326 2015 1407 2084 cum⁷

288 2125 401 2183 caetero
417 2139 530 2202 campo
546 2118 585 2183 de
602 2119 745 2197 Martun‚
758 2141 814 2204 ego
831 2128 864 2185 et
878 2121 952 2185 haer.
969 2122 1033 2185 mei
1048 2121 1108 2185 hoc
1123 2121 1336 2196 concedimur,
1346 2123 1376 2182 et
1388 2136 1407 2179 c.

288 2238 314 2281 ο.
331 2217 360 2279 h.
377 2217 665 2294 warentizahimus,
680 2225 840 2301 quantum
856 2220 896 2283 ad
919 2240 978 2283 nos
1004 2225 1037 2283 et
1063 2219 1103 2282 ad
1128 2219 1264 2284 feudum
1278 2223 1407 2282 nochum

287 2316 435 2399 pertinet.
480 2315 524 2379 Et
547 2316 715 2380 sciendum
741 2317 901 2401 estquod
926 2338 993 2402 ege,
1018 2318 1177 2383 Robertus
1209 2318 1361 2392 Galioien,
1383 2317 1408 2377 et

287 2416 361 2477 haer.
377 2415 441 2478 mei
456 2435 567 2478 omncs
582 2415 640 2478 has
656 2419 765 2492 terras,
781 2436 855 2480 cum
882 2417 1031 2480 omnibus
1051 2417 1258 2500 pertinentiis
1283 2421 1316 2480 et
1339 2413 1406 2478 asia-

246 2539 249 2545 ·
287 2513 406 2577 mentis
422 2512 462 2575 ad
478 2517 603 2575 tantam
618 2517 735 2577 terram
746 2514 993 2597 pertinentibus,
1008 2515 1092 2578 infra
1106 2515 1219 2578 villam
1235 2515 1275 2579 de
1291 2516 1407 2578 Martun

288 2619 320 2675 ct
336 2617 434 2688 extra,
449 2612 569 2693 ubique
592 2632 649 2693 per
674 2617 781 2675 totum
802 2612 935 2676 feudum
956 2633 1072 2690 meum,
1088 2613 1209 2678 eisdem
1231 2619 1265 2677 ct
1285 2631 1369 2697 praes.
1387 2627 1406 2670 t

287 2732 358 2774 mea
373 2710 567 2786 confirmavi,
579 2716 612 2774 ct
626 2730 651 2774 c.
668 2731 694 2775 0.
710 2709 741 2775 h.
757 2731 814 2795 ego
830 2717 862 2775 et
877 2711 950 2776 haer,
967 2711 1032 2776 mei
1046 2712 1082 2775 in
1095 2718 1290 2796 perpetuum
1304 2728 1408 2774 waren-

287 2810 466 2873 tizabimus.
512 2809 588 2873 Hiis
610 2810 756 2874 testibus.
802 2811 924 2874 Thoma
940 2810 980 2873 de
1007 2812 1149 2876 Martun.
1202 2810 1357 2875 Nioholao
1377 2807 1407 2869 de

286 2912 405 2973 Atuna.
452 2909 593 2971 Henrico
609 2909 713 2973 Ruffo.
757 2907 923 2973 Willelmo
938 2909 978 2972 de
993 2909 1139 2974 Foxtona
1148 2907 1175 2990 ;8
1196 2914 1231 2974 et
1245 2910 1325 2974 aliis.

322 3023 332 3055 ¹
350 3021 501 3074 Bracanhoc
513 3021 541 3070 in
553 3021 601 3073 No.
618 3024 668 3074 118
680 3040 688 3083 ;
706 3040 722 3072 a
734 3025 832 3072 matter
843 3025 872 3072 to
884 3021 917 3072 bc
929 3021 1011 3072 noted
1029 3038 1058 3074 as
1076 3039 1126 3073 ons
1146 3022 1266 3074 instance
1280 3022 1310 3072 in
1321 3017 1410 3072 several

286 3109 314 3158 in
326 3108 400 3157 these
413 3106 531 3156 charters
543 3104 704 3155 illustrativc
717 3103 746 3154 of
756 3104 804 3155 the
816 3104 905 3170 partly
917 3104 1038 3172 guttural
1055 3104 1140 3156 scund
1157 3105 1237 3157 caud
1254 3122 1272 3170 9
1288 3121 1332 3156 are
1347 3102 1411 3154 often

285 3189 369 3239 taken
380 3193 410 3239 to
422 3190 564 3252 represent.

322 3269 333 3302 ²
350 3270 530 3335 Langelandes
543 3268 565 3318 is
578 3267 636 3318 still
647 3267 810 3318 identifiable
821 3267 851 3318 in
862 3267 909 3319 the
922 3269 1031 3320 modern
1050 3268 1209 3336 Langlands‚
1219 3286 1248 3322 as
1261 3269 1412 3334 Alfelcbricg

286 3353 308 3402 is
322 3353 348 3401 in
361 3352 484 3418 Fellbrig,
498 3368 528 3402 or
539 3351 679 3418 Fellbrigs.
706 3350 862 3402 Bracanhou
871 3366 955 3402 seems
967 3355 997 3402 to
1009 3351 1043 3402 bc
1055 3352 1178 3404 obsoleta

322 3432 333 3464 ⁴
351 3435 508 3485 Caldecothe
521 3434 570 3484 har
581 3434 649 3484 been
661 3433 828 3484 nrodernised
839 3433 897 3484 into
910 3434 994 3501 (largo
1006 3434 1035 3485 in
1047 3433 1202 3501 (largotleet.

322 3514 333 3549 ⁶
351 3518 455 3567 rioche.
547 3513 559 3549 ⁰
576 3515 765 3568 hachelandca.
848 3513 929 3579 ταά,Ι
948 3515 1058 3567 “curn’'
1070 3517 1093 3568 is
1105 3516 1152 3568 the
1164 3516 1292 3582 probabla
1304 3517 1412 3582 reading.

322 3597 333 3632 Β
351 3600 469 3650 William
482 3600 514 3650 de
527 3600 631 3650 Foxton
643 3615 698 3650 was
711 3598 851 3650 Sencschal
863 3598 892 3649 ol
904 3598 1018 3664 Whitby
1029 3599 1059 3650 in
1069 3598 1163 3650 Abbot
1180 3599 1291 3667 Roger’s
1307 3600 1379 3662 time,
1390 3603 1416 3650 to

287 3682 375 3734 which
395 3683 486 3747 nearly
507 3683 543 3733 all
564 3681 612 3732 the
633 3684 739 3747 present
760 3681 839 3732 series
859 3681 887 3732 oi
907 3681 1026 3733 charters
1044 3697 1106 3748 may
1124 3680 1159 3732 be
1178 3681 1304 3736 referred.
1339 3684 1416 3735 There

286 3784 341 3818 was
362 3784 395 3817 an
415 3766 615 3829 extraordlnary
635 3765 748 3830 impulse
768 3765 876 3832 leading
896 3781 931 3816 on
950 3768 980 3816 tc
1000 3764 1075 3816 these
1096 3764 1238 3826 donatione
1258 3765 1300 3818 for
1320 3765 1416 3819 churrh

286 3851 369 3911 work,
385 3853 431 3900 not
444 3851 508 3916 only
520 3849 548 3898 in
561 3848 658 3913 special
670 3847 826 3899 connection
839 3849 907 3899 with
927 3849 975 3900 the
995 3847 1196 3915 Middlcsburgh
1217 3849 1276 3913 cell,
1289 3849 1340 3901 but
1358 3848 1417 3900 with

286 3936 333 3986 the
345 3933 450 4001 general
462 3930 693 3999 aggrandisement
705 3930 732 3981 of
743 3931 790 3982 the
802 3930 905 3998 Abbey.
942 3931 1006 3982 And
1017 3930 1041 3983 it
1052 3931 1075 3983 is
1087 3935 1116 3983 ro
1133 3929 1168 3981 be
1185 3932 1269 3983 noted
1286 3932 1349 3984 that
1365 3947 1418 3983 con·

286 4016 518 4083 temporaneously
530 4016 597 4066 with
619 4015 673 4065 this
695 4015 741 4064 the
763 4014 861 4081 Abbcy
880 4014 986 4067 Ohurch
1006 4030 1061 4066 was
1081 4013 1170 4081 newly
1181 4015 1360 4078 commcnccd,
1372 4012 1419 4065 aad

286 4117 341 4153 was
353 4101 432 4166 being
444 4103 513 4150 most
526 4097 715 4165 energetically
727 4097 830 4163 pushed
842 4098 965 4149 forwerd.
1002 4098 1030 4149 It
1048 4097 1137 4148 would
1157 4096 1256 4164 hardly
1266 4097 1302 4149 be
1322 4098 1382 4149 raah
1396 4101 1421 4147 to

287 4187 379 4243 essert,
394 4182 491 4232 astera
512 4181 612 4232 carcful
632 4180 781 4246 inspeerion
802 4180 855 4231 and
867 4179 1061 4232 consideration
1078 4181 1107 4231 oi
1126 4179 1201 4231 what
1222 4179 1246 4232 is
1266 4180 1319 4233 leit
1336 4182 1364 4232 ol
1379 4180 1421 4232 the

287 4266 383 4331 Abbey
396 4265 510 4326 Church,
523 4265 585 4316 that
607 4264 655 4316 the
676 4264 736 4315 first
757 4268 833 4331 great
853 4264 976 4331 building
992 4264 1078 4326 affort,
1093 4265 1277 4333 commencing
1294 4266 1364 4318 with
1380 4265 1422 4317 tha

287 4354 391 4400 eastern
404 4349 456 4399 end
468 4349 521 4400 and
533 4347 707 4415 terminating
718 4348 786 4399 with
805 4347 852 4399 the
872 4348 931 4399 first
952 4348 1028 4400 three
1048 4347 1114 4414 bays
1125 4347 1154 4398 oi
1174 4348 1223 4400 the
1242 4365 1320 4412 nave,
1332 4351 1355 4402 is
1365 4365 1422 4416 syn·

286 4431 417 4480 chronous
429 4431 496 4481 with
509 4430 557 4481 the
575 4430 750 4495 incumbency
762 4430 791 4480 oi
808 4429 901 4481 Abbot
916 4431 1007 4498 ,Roger
1030 4431 1210 4494 (1122-1144),
1226 4431 1280 4483 and
1299 4431 1364 4484 does
1381 4434 1424 4483 not

286 4514 384 4563 extend
397 4513 475 4563 much
487 4512 592 4579 beyond
604 4513 633 4564 it.
