2866 5002
258 483 296 539 12
444 491 718 543 GARTULARIUM
737 489 940 541 ABBATHIAE
958 489 1010 539 DE
1027 489 1217 541 WHlTEBY.

254 657 393 720 obierint
404 654 531 732 saisiti,¹
545 660 735 738 recuperent
744 653 895 718 similiter
906 675 980 717 cum
990 654 1120 718 dotibus
1131 654 1198 717 suis
1212 654 1251 717 de
1261 653 1329 716 illis
1341 653 1395 736 qui

254 755 294 818 de
304 756 426 839 injusto
443 754 691 818 deforciamento
701 754 823 817 fuerint
833 754 973 817 convicti
988 753 1128 837 dampna
1138 774 1197 818 sua
1206 754 1241 817 in
1254 753 1393 816 valorem

252 856 353 919 totius
369 853 473 918 dotis²
487 854 561 917 illas
570 854 786 937 contingentis
799 874 818 916 a
832 860 975 936 tempore
984 854 1095 917 mortis
1106 854 1251 917 virorum
1263 873 1392 917 suorum

254 977 358 1038 usque
374 954 415 1018 ad
429 955 516 1018 diem
530 974 594 1036 quo
610 954 688 1036 ipsae
702 952 809 1016 viduae
823 974 880 1036 per
891 953 1052 1037 judicium
1068 953 1174 1016 Curiae
1190 953 1289 1036 Regis
1305 952 1390 1015 saisi-

254 1077 330 1118 nam
345 1075 437 1118 suam
451 1052 717 1136 recuperaverint,
732 1057 765 1116 et
780 1053 844 1135 ipsi
859 1052 1069 1116 deforciantes
1080 1052 1315 1116 nichilominus
1329 1051 1391 1115 sint

254 1155 289 1217 in
305 1152 522 1217 misericordia
536 1150 669 1215 Domini
685 1151 780 1234 Regis
796 1151 880 1214 sicut
894 1151 984 1235 prius
999 1150 1111 1214 solent.

341 1327 379 1388 V.
404 1326 521 1388 Ouuns
543 1340 656 1388 vrnurn
678 1340 824 1388 rossurrr
845 1340 972 1388 racana
994 1340 1103 1387 amna
1125 1341 1304 1389 scurram.

299 1450 418 1512 Omnes
433 1449 540 1511 viduae
563 1448 602 1511 de
625 1454 738 1512 caetero
760 1447 866 1532 legare
887 1453 1023 1531 possunt
1043 1448 1141 1512 blada
1163 1469 1223 1512 sua
1243 1449 1281 1512 in
1303 1454 1388 1523 terra,

254 1555 322 1612 tam
338 1549 377 1611 de
393 1548 521 1611 dotibus
536 1548 603 1611 suis
618 1569 716 1631 quam
739 1547 778 1612 de
801 1548 872 1611 aliis
894 1548 1004 1611 liberis
1026 1548 1119 1611 terris
1143 1554 1175 1611 et
1199 1547 1371 1612 tenement'

254 1649 330 1726 suis,
360 1648 456 1712 salvis
487 1648 626 1712 servitiis
657 1647 859 1710 dominomm
897 1668 968 1729 quae
995 1647 1154 1711 debentur
1184 1648 1224 1711 de
1255 1647 1387 1711 dotibus

256 1749 346 1833 (stat.
362 1749 462 1825 Mart,
479 1747 525 1812 Ol.
542 1747 562 1812 i.
579 1768 603 1811 c.
622 1746 663 1830 2.)

289 1924 348 1986 VI.
371 1923 424 1985 Da
440 1937 625 1984 nrsanrsnu
640 1937 744 1985 mora
759 1937 839 1985 rosr
854 1937 1011 1985 sarsmlu
1026 1938 1157 1985 naemu
1173 1938 1235 1984 rna
1249 1921 1346 1985 Vror-

745 2037 901 2085 commu.

299 2147 334 2211 Si
356 2145 428 2228 quis
451 2144 548 2208 fuerit
573 2144 753 2209 disseisitus
779 2145 818 2209 de
840 2145 940 2210 libero
963 2152 1148 2210 tenemento
1163 2167 1223 2211 suo
1238 2151 1273 2211 et
1288 2165 1384 2210 coram

253 2248 275 2311 J
279 2245 451 2309 usticiariis
474 2244 718 2308 itinerantibus⁸
733 2245 886 2309 saisinam
906 2245 1158 2329 recuperaverit⁴
1179 2268 1237 2330 per
1260 2247 1386 2310 assisam

254 2366 346 2408 novae
372 2344 556 2421 disseisinae,
580 2345 633 2408 vel
655 2365 712 2428 per
734 2345 950 2427 cognitionem
972 2367 1081 2410 eorum
1106 2346 1164 2429 qui
1191 2345 1386 2410 disseisinam

254 2446 396 2521 fecerint,
423 2449 455 2507 et
480 2444 549 2526 ipse
575 2444 755 2508 dissaisitus
784 2465 841 2527 per
866 2445 1088 2509 vicecomitem
1118 2445 1272 2509 seisinam
1301 2464 1386 2508 suam

253 2544 411 2621 habuerit,
427 2545 455 2607 si
476 2543 540 2626 ipsi
561 2543 810 2607 disseisiatores⁶
831 2550 951 2627 postea,
966 2550 1040 2628 post
1054 2545 1115 2608 iter
1129 2545 1151 2608 J
1152 2545 1385 2609 usticiariorum

254 2643 307 2706 vel
329 2644 423 2720 infra,
437 2643 556 2707 iterum
571 2650 819 2726 conquerentem
843 2643 1090 2721 dissonaverint,
1105 2650 1138 2708 et
1159 2645 1236 2709 inde
1252 2644 1388 2710 convicti

254 2743 383 2819 fuerint,
396 2742 507 2806 statim
523 2743 691 2825 capiantur
702 2749 736 2806 et
749 2743 785 2805 in
800 2743 930 2826 prisona
944 2750 1053 2807 nostra
1065 2744 1280 2821 detineantur,
1292 2745 1387 2808 donec

254 2862 311 2923 per
321 2842 481 2905 nostram⁶
495 2842 747 2925 redemptionem
758 2842 811 2905 vel
823 2841 885 2906 alio
897 2843 991 2907 modo
1007 2842 1231 2908 deliberentur.
1270 2843 1389 2907 Eodem

253 2943 347 3005 modo
371 2942 427 3004 fiat
443 2942 481 3004 de
504 2942 567 3005 hiis
582 2943 640 3025 qui
656 2944 789 3007 seisinas
805 2964 879 3007 suas
901 2944 1158 3027 recuperaverint
1180 2965 1238 3027 per
1259 2945 1388 3009 assisam

253 3042 365 3104 mortis
389 3040 605 3106 antecessoris.
650 3042 693 3104 Et
718 3042 868 3106 similiter
894 3043 1043 3106 omnihus
1065 3043 1138 3106 aliis
1164 3044 1223 3126 qui
1244 3049 1344 3107 terras
1359 3048 1392 3106 et

253 3147 439 3205 tenementa
461 3162 654 3225 quocunque
676 3143 771 3205 modo
793 3144 828 3206 in
852 3143 950 3207 Curia
971 3142 1068 3227 Regis
1089 3164 1147 3226 per
1173 3142 1318 3226 juratas⁷
1343 3163 1390 3206 re-

254 3240 484 3324 cuperaverint,
500 3241 527 3304 si
542 3247 654 3324 postea
669 3241 823 3306 dissaisiti
837 3243 957 3306 fuerint
971 3264 991 3307 a
1004 3243 1163 3326 prioribus
1175 3243 1391 3308 deforciatori-

253 3341 314 3402 bus
330 3360 441 3403 versus
458 3360 538 3422 quos
552 3342 817 3424 recuperaverint.

328 3512 407 3576 VII.
432 3513 528 3589 Quor
545 3512 744 3578 ruamurns8
758 3531 892 3578 rossmr
906 3531 1093 3580 Assanrlan
1137 3565 1144 3580 .
1190 3565 1197 3580 .
1244 3567 1251 3581 .
1297 3515 1318 3579 .⁰

298 3650 457 3726 Quoniam
466 3648 492 3688 ¹⁰
517 3650 612 3713 multi
636 3658 800 3736 magnates
827 3652 866 3716 de
893 3674 989 3737 regno
1012 3653 1138 3738 Angliae
1147 3652 1173 3691 1¹
1199 3655 1257 3738 qui
1283 3655 1391 3719 feoffa-

253 3748 399 3813 verunt12
422 3749 542 3814 milites
566 3756 599 3813 et
623 3751 723 3815 libere
744 3757 890 3816 tenentes
914 3752 953 3815 de
976 3753 1083 3835 parvis
1109 3754 1304 3818 tenementis
1329 3753 1388 3837 [in]

290 3860 401 3911 1There
413 3861 435 3912 is
447 3861 510 3911 here
528 3879 562 3912 an
581 3879 594 3912 a
615 3862 680 3914 with
703 3881 737 3914 an
756 3869 884 3929 apparent
903 3864 980 3914 mark
997 3864 1026 3914 oi
1042 3865 1235 3929 abbreviation,
1254 3871 1285 3918 to
1305 3867 1390 3918 which

254 3944 367 4010 nothing
379 3960 494 3994 answers
506 3944 534 3993 in
547 3945 593 3994 the
607 3945 675 3996 Roll.
924 3945 935 3979 ²
953 3947 1080 4013 Supplied
1092 3947 1162 3998 from
1174 3948 1222 3999 the
1235 3950 1346 4016 margin.

290 4024 301 4059 ³
319 4027 505 4077 itenercncibaa.
702 4026 713 4060 ⁴
730 4032 945 4094 recuperaverint.
1162 4028 1174 4063 ⁶
1192 4032 1372 4084 denaturare.

288 4107 299 4142 ⁶
317 4109 363 4161 tif
374 4113 421 4159 not
435 4114 509 4174 “per
520 4126 569 4160 nos
580 4126 627 4175 per
639 4111 874 4176 redemptionem‚”
911 4112 968 4162 The
980 4116 1082 4164 statute
1094 4113 1143 4164 has
1156 4117 1230 4180 “per
1248 4115 1388 4167 Dominum

253 4208 341 4258 regem
353 4208 401 4256 per
412 4191 619 4256 redemptionem
633 4189 657 4253 ;''
674 4193 721 4243 the
734 4195 794 4244 Rot.
809 4194 909 4255 Olane,
927 4198 943 4224 “
951 4211 1054 4261 pernes
1068 4213 1115 4261 per
1126 4197 1362 4263 redemptionem.”

289 4273 299 4306 ⁷
312 4277 442 4338 juratam.
712 4273 723 4307 ⁸
740 4286 883 4341 mappulas.
1160 4277 1173 4312 ⁰
1191 4281 1320 4349 Illegible.

290 4355 310 4387 ¹⁰
332 4360 347 4385 “
358 4357 444 4417 Quia’'
458 4358 487 4407 iu
499 4357 546 4408 the
560 4357 668 4408 Statutc
678 4359 706 4408 of
718 4359 833 4411 Mertou.

289 4436 309 4470 ¹¹
329 4444 345 4467 ‘⁶
355 4438 388 4488 do
400 4455 480 4507 regno
489 4439 503 4461 ’'
517 4439 630 4490 omitted
644 4441 672 4490 in
685 4441 731 4490 the
745 4442 812 4493 Stat.
1101 4443 1123 4478 ¹²
1132 4445 1320 4508 seoseonerunt.
