2866 5002
282 468 321 525 26
460 474 731 527 GARTULARIUM
757 473 960 524 ABBATHIAE
977 474 1027 524 DE
1044 473 1230 525 WHITEBY.

174 703 177 708 .
278 641 354 705 inde
376 640 543 724 projectas,
555 660 592 703 ac
607 640 734 703 arbores
750 646 783 703 et
798 639 992 703 subboscum
1006 638 1185 721 praedictos,
1202 658 1328 702 necnon
1354 636 1414 699 alia

282 741 366 803 bona
390 744 423 803 61
447 738 566 802 catalla
595 759 663 814 sua,
686 738 728 802 ad
750 738 930 802 valentiam
960 738 1081 820 viginti
1109 737 1269 801 librarum
1298 736 1414 800 ibidem

277 839 419 913 inventa,
434 842 589 921 ceperunt
604 842 638 900 61
653 841 908 920 asportaverunt,
924 843 957 900 et
978 835 1075 899 blada
1091 841 1123 899 et
1145 837 1280 901 herbam
1303 857 1370 911 sua,
1383 840 1413 898 et

277 938 422 1023 gramina
436 937 525 1000 bosci
547 936 599 1000 sui
621 936 724 1012 aedui,
739 937 780 999 ad
795 937 971 999 valentiam
986 937 1097 1001 decem
1118 935 1277 1000 librarum
1297 936 1411 1000 ibidem

278 1058 382 1121 nuper
396 1036 570 1100 crescentia
586 1056 660 1099 cum
682 1035 878 1118 quibusdam
900 1036 1014 1100 averiis
1037 1036 1163 1119 depasti
1185 1037 1411 1112 1161111661-

279 1138 487 1201 culcaverunt
501 1141 534 1199 et
549 1142 826 1218 consumpserunt,
841 1141 875 1200 et
889 1136 953 1198 alia
968 1137 1111 1199 enormia
1126 1137 1157 1199 ei
1178 1136 1361 1200 intulerunt
1375 1134 1411 1198 ad

278 1256 373 1320 grave
388 1236 566 1318 dampnum
581 1235 683 1318 ipsius
698 1235 834 1298 Abbatis
849 1239 882 1299 ct
893 1239 1004 1298 contra
1018 1255 1131 1317 pacem
1147 1236 1255 1318 Regis,
1271 1241 1330 1299 etc.

322 1334 431 1398 durati
456 1334 578 1410 dicunt,
600 1354 698 1416 super
727 1339 964 1398 sacramentum
994 1354 1099 1410 suum,
1125 1335 1213 1417 quod
1243 1334 1409 1418 praedictus

280 1432 466 1497 Willelmus
482 1433 578 1509 Brok,
594 1433 754 1497 Radulfus
769 1434 792 1498 J
794 1454 896 1516 opson
910 1440 944 1498 61
970 1435 993 1499 J
994 1434 1136 1498 ohannes
1159 1435 1182 1498 J
1184 1455 1296 1518 opson,
1311 1435 1408 1518 quoad

279 1553 389 1596 omnes
418 1538 634 1616 transgressus
663 1533 748 1596 infra
777 1540 953 1611 contentos,
982 1540 1099 1618 praeter
1128 1534 1169 1597 de
1198 1535 1409 1618 asportatione

277 1633 434 1696 bonorum
450 1638 482 1696 61
493 1632 682 1696 caballorum
697 1633 793 1716 praed
808 1633 948 1697 Abbatis
963 1654 1021 1716 per
1035 1654 1078 1711 66,
1090 1639 1167 1697 sunt
1179 1634 1359 1718 culpabiles
1373 1634 1410 1700 ad

279 1733 456 1816 dampnum
478 1732 581 1815 ipsius
603 1732 743 1796 Abbatis
765 1753 883 1797 novem
904 1732 1079 1812 librarum3
1102 1733 1208 1817 quoad
1225 1734 1319 1816 ipsos
1335 1734 1409 1797 Wil-

169 1862 171 1866 ·
280 1831 415 1895 lelmum
445 1832 542 1908 Brok,
579 1831 757 1895 Radulfum
784 1837 817 1896 61
853 1833 876 1896 J
879 1833 1039 1897 ohannem
1076 1834 1099 1897 J
1101 1853 1211 1917 opson‚
1242 1840 1277 1897 et
1310 1835 1406 1918 quoad

278 1932 529 2016 asportationem
544 1932 703 1995 bonorum
719 1938 752 1996 et
767 1932 957 1996 caballorum
979 1934 1123 2016 ejusdem
1137 1933 1287 2011 Abbatis,
1303 1934 1408 1998 dicunt

279 2032 365 2115 quod
399 2031 464 2114 ipsi
492 2032 527 2094 in
560 2031 651 2095 nullo
681 2037 758 2095 sunt
788 2033 973 2116 culpabiles.
1018 2033 1144 2096 Dicunt
1166 2035 1266 2098 etiam
1289 2034 1407 2118 [i]idem

278 2132 444 2195 Juratores
469 2151 565 2213 super
594 2137 829 2195 sacramentum
855 2153 960 2208 suum,
983 2133 1070 2216 quod
1094 2133 1243 2217 praedicti
1272 2135 1405 2218 Rogerus

280 2229 533 2314 Brok,Roge1us
549 2231 726 2314 Chapmam
741 2232 906 2297 lohannes
923 2233 1101 2316 Chapman,
1117 2233 1140 2296 J
1141 2234 1285 2298 ohannes
1301 2233 1404 2308 Peohe,

277 2329 468 2393 Laurentius
491 2336 524 2393 et
539 2331 562 2394 J
564 2330 706 2395 ohannes
721 2331 774 2395 del
784 2333 910 2408 'Graue
925 2333 948 2396 J
950 2332 1092 2396 ohannes
1108 2333 1263 2412 Halman,
1277 2338 1310 2397 61
1332 2332 1403 2396 Wil-

276 2428 407 2493 lielmus
433 2428 540 2512 Alkys
566 2435 644 2493 sunt
666 2429 842 2512 culpabiles
867 2451 924 2513 per
949 2451 982 2494 se
1008 2431 1048 2495 de
1070 2435 1167 2514 pastu
1188 2432 1358 2496 bladorum
1376 2436 1403 2494 61

277 2528 460 2612 graminum
486 2528 574 2592 bosci
596 2528 690 2591 cedui
715 2528 863 2611 praedicti
884 2529 1033 2607 Abbatis,
1058 2531 1146 2595 unde
1169 2531 1255 2594 infra
1276 2532 1400 2616 placita·

274 2635 392 2692 verunt
403 2629 443 2691 ad
457 2626 616 2710 primam.1
660 2628 703 2691 Et
718 2628 823 2711 quoad
838 2628 876 2691 16
892 2634 989 2711 pastu
1003 2631 1176 2694 eorundem
1189 2631 1359 2695 bladorum
1376 2633 1402 2692 et

277 2727 460 2811 graminum
474 2727 571 2804 bosci,
586 2732 619 2791 et
642 2727 681 2791 de
695 2734 792 2811 pastu
807 2727 914 2791 herbae
928 2728 1076 2810 praedicti
1090 2729 1231 2794 Abbatis
1246 2730 1282 2793 in
1297 2728 1401 2794 clausis

279 2833 312 2891 61
341 2826 512 2890 6161611116
543 2825 688 2909 ejusdem
717 2825 855 2889 Abbatis
885 2832 1029 2909 tempore
1058 2827 1270 2893 confectionis
1300 2826 1400 2911 scripti

278 2926 486 2990 relaxationis
502 2926 541 2989 de
563 2946 627 3008 quo
642 2925 727 2989 infra
741 2925 778 2988 fit
793 2926 915 2989 mentio
930 2925 1034 3002 factis,
1048 2926 1136 2990 unde
1158 2947 1216 3009 per
1238 2924 1401 3010 judicium²

278 3026 419 3090 convicti
441 3031 518 3088 sunt
546 3030 643 3107 prout
676 3029 767 3107 patet
796 3024 889 3100 infra,
915 3025 1058 3089 assident
1094 3025 1274 3108 dampnum
1310 3028 1400 3111 ipsius

277 3125 415 3189 Abbatis
438 3145 537 3207 penes
563 3144 616 3188 eos
640 3145 698 3207 per
723 3144 757 3187 se
783 3124 825 3187 ad
851 3124 969 3207 viginti
995 3130 1027 3188 et
1049 3130 1113 3189 1166
1135 3125 1243 3190 libras.
1290 3129 1402 3193 Dicunt

280 3227 380 3289 etiam
405 3225 504 3287 iidem
527 3224 693 3287 duratores
715 3243 812 3306 super
833 3232 1069 3288 sacramentum
1092 3245 1198 3303 suum,
1225 3228 1314 3310 quod
1334 3246 1401 3312 praa·

280 3325 359 3388 dicti
382 3325 524 3406 Rogerus
551 3324 646 3400 Brok,
673 3324 815 3406 Rogorus
842 3323 1019 3406 Chapman,
1041 3324 1064 3387 J
1066 3323 1209 3389 ohannes
1237 3327 1401 3411 Obapmon,

278 3423 383 3486 Adam
399 3421 557 3505 [Milner]‚
570 3423 593 3486 J
595 3422 736 3486 ohannes
758 3422 871 3497 Peohe,
893 3422 1085 3486 Laurentius
1102 3422 1161 3507 [61]
1172 3423 1202 3487 d
1203 3425 1347 3491 ohannes
1360 3423 1402 3490 161

281 3523 395 3597 Grene,
410 3523 433 3586 J
435 3521 577 3584 ohannes
600 3520 745 3583 Halman
760 3525 793 3584 et
807 3520 994 3584 Willelmus
1010 3520 1127 3605 Alkys,
1143 3524 1249 3604 quoad
1274 3531 1402 3610 asporta·

277 3623 401 3686 tionem
422 3620 579 3684 bonorum
604 3624 637 3683 et
663 3619 852 3683 catellorum
877 3619 973 3703 praed.
996 3619 1143 3697 Abbatis,
1165 3621 1202 3684 in
1224 3623 1318 3688 nullo
1339 3627 1403 3688 6111

278 3718 463 3802 culpabiles.
508 3719 585 3782 Ideo
609 3738 796 3782 conoessum
818 3724 868 3781 661
890 3718 976 3802 quod
998 3718 1094 3801 praed.
1109 3717 1223 3784 Abbas
1249 3725 1402 3807 recuperet

279 3838 390 3883 versus
405 3817 573 3901 praedictos
587 3816 791 3880 Willelmum
806 3817 900 3893 Brok,
912 3816 1090 3880 Radulfum
1103 3818 1233 3902 Jopson
1244 3826 1279 3885 et
1289 3819 1402 3886 Willel-

279 3940 369 3983 mum
385 3913 679 4000 16116611611111163
694 3937 752 3980 sua
766 3917 919 4000 praedicta
928 3937 1040 3981 versus
1056 3937 1120 3994 eos,
1129 3921 1298 3985 occasione
1312 3927 1402 3984 trans·

279 4017 478 4103 gressionum
507 4016 733 4098 praedictarum
762 4037 820 4098 per
849 4035 883 4079 se
913 4015 1071 4080 factarum
1096 4017 1139 4080 ad
1167 4039 1288 4084 novem
1315 4021 1400 4084 libras

280 4137 410 4182 6666666.
466 4116 510 4177 Ε1
546 4114 694 4178 similiter
719 4135 831 4178 versus
867 4115 1036 4198 praedictos
1073 4117 1234 4201 Rogerum
1267 4120 1349 4184 Brok
1373 4122 1399 4181 61

385 4262 394 4293 1
412 4253 462 4303 Ita.

385 4332 396 4366 ²
414 4335 534 4386 Written
545 4334 627 4386 ,11111
640 4352 647 4395 ;
665 4333 796 4400 probably
809 4335 928 4387 11161116
941 4336 1050 4403 reading
1062 4338 1085 4389 16
1097 4355 1127 4390 aa
1140 4337 1168 4388 in
1181 4339 1308 4392 11161611.

387 4414 397 4449 ³
414 4418 564 4481 dampnum.
