2866 5002
147 535 208 592 260
334 538 605 595 osususstM
623 536 826 588 ABBATHIAE
844 536 895 587 DE
912 537 1115 592 WHITEBY.

147 708 233 792 apud
255 709 497 782 Horncastrum,
521 704 573 767 die
595 702 759 766 dominica
781 701 816 765 in
833 702 947 766 Remis
974 703 1177 782 Palmarum,
1197 704 1229 766 h
1246 701 1274 764 l).

148 808 320 872 millesimo
336 828 371 870 cc
387 804 584 888 sexagesimo
603 809 728 885 quarto.

299 1001 480 1065 CCCXIII.
504 999 733 1064 Connnuxrro
749 1015 913 1063 sccunsnu
928 1017 976 1064 nn
994 1003 1162 1067 Cnossos.

195 1162 363 1225 Universis
380 1162 409 1224 S.
427 1163 472 1224 M.
489 1161 573 1224 Eccl
589 1161 666 1224 filiis
689 1161 730 1224 ad
752 1182 889 1244 quorum
912 1163 1076 1228 notitiam
1100 1187 1150 1249 pr.
1166 1184 1285 1248 serper-
1332 1150 1334 1161 ¹

149 1262 283 1337 venerit,
314 1261 482 1327 Officialis,
508 1261 613 1324 Ouriae
643 1262 774 1325 Eborac.
805 1281 828 1324 s.
858 1262 895 1324 in
932 1263 1025 1327 D’no
1065 1267 1287 1349 sempiternam.

152 1361 288 1423 Noverit
317 1361 406 1424 univ.
436 1382 466 1425 v.
498 1360 584 1443 quod
621 1381 681 1423 nos
711 1360 874 1443 quoddam
903 1362 1074 1445 scriptum
1107 1363 1288 1429 Venerabilis

152 1460 252 1542 patris
276 1459 353 1522 D'ni
369 1458 556 1542 Radulphi‚¹
570 1460 610 1523 D.
635 1459 673 1523 G.
697 1458 858 1523 Karleolii
880 1459 965 1542 Ep’i,
993 1482 1066 1526 non
1083 1465 1290 1536 cancellatum,

153 1580 219 1621 non
233 1558 399 1634 abolitum,
422 1578 480 1622 nee
502 1559 538 1622 in
550 1558 658 1641 aliqua
673 1559 725 1622 sui
745 1564 838 1641 parte
853 1558 1025 1638 vitiatum,
1040 1561 1247 1647 inspeximus
1264 1562 1312 1642 iu·

153 1657 205 1721 his
220 1658 559 1722 verbis:-Universis
583 1657 705 1721 Christi
726 1657 874 1721 fidelibus
897 1658 939 1720 ad
962 1680 1051 1742 quos
1076 1683 1128 1745 pr.
1152 1684 1208 1728 scr.
1222 1680 1291 1746 perr.

154 1756 355 1840 Radulphus‚
378 1757 585 1821 miseratione
612 1757 723 1820 divina
748 1757 983 1822 Karleonensis
1007 1761 1208 1846 Episcopus,
1227 1761 1291 1826 siu

154 1858 296 1920 Domino
322 1858 558 1941 sempiternam.
604 1857 792 1921 Universali
817 1857 974 1921 Ecclesiae
1000 1865 1103 1925 tanto
1129 1883 1190 1927 nos
1214 1861 1291 1926 vehe

156 1957 297 2019 mentius
324 1957 483 2021 credimus
511 1956 661 2039 proficere
688 1961 809 2039 quanto
835 1956 922 2020 viros
949 1957 1155 2043 Religiosos,
1178 1981 1251 2045 quos
1269 1959 1292 2022 S.

157 2056 335 2119 Ecclesiam
350 2056 531 2119 orationum
547 2076 677 2119 suarum
691 2055 847 2119 instantia
862 2056 1081 2138 potissimum
1105 2061 1221 2126 fulcire
1233 2079 1293 2142 sup

157 2156 317 2238 ponimus
347 2155 388 2218 ad
426 2155 583 2218 orandum
618 2154 841 2218 incessabilius
870 2161 970 2238 atque
1003 2158 1173 2224 sincerius
1201 2167 1294 2224 nostra

158 2255 376 2318 sollicitudine
401 2255 634 2318 reddiderimus
651 2255 824 2338 expeditos.
869 2255 911 2316 In
937 2276 1006 2338 quo
1034 2258 1155 2322 haud²
1176 2260 1293 2324 dubium

159 2353 410 2417 convalescimus
427 2355 455 2417 si
469 2355 556 2437 ipsos
568 2355 652 2417 bona
667 2353 730 2416 sibi
745 2353 878 2417 caritate
892 2353 1016 2419 collata
1032 2358 1186 2441 optinere
1200 2359 1292 2422 incon·

159 2451 361 2528 eussibfliser,
384 2460 545 2534 quantum
560 2454 601 2516 ad
621 2474 679 2516 nos
702 2453 849 2536 pertinet,
864 2474 1092 2536 procuremus.
1142 2460 1190 2524 Ut
1209 2458 1292 2542 igitur

161 2555 307 2614 sanctam
337 2554 616 2635 congregationem
639 2552 873 2616 Monachorum
896 2553 936 2617 de
961 2553 1141 2641 Whiteby,
1164 2578 1238 2642 quos
1259 2555 1292 2619 ab

159 2651 293 2714 ineunte
309 2655 403 2714 aetate
418 2652 626 2735 cognovimus
641 2652 889 2717 morationibus
911 2659 945 2716 et
966 2655 1139 2738 religiosis
1162 2655 1291 2740 operibus

159 2751 306 2816 extitisse
321 2751 484 2827 sollicitos,
500 2757 659 2834 quantum
674 2753 715 2815 ad
730 2751 898 2816 ecclesiam
914 2751 954 2816 de
979 2753 1152 2841 Orosseby
1167 2758 1289 2821 Ravens·

159 2851 271 2927 worth,
302 2858 419 2914 nostrae
449 2850 618 2928 dioceseos
649 2872 747 2934 quam
775 2852 811 2915 in
839 2871 918 2915 usus
947 2854 1104 2937 proprios
1136 2854 1291 2940 possident,

159 2951 314 3015 faciemus
340 2949 623 3013 inconcussibilem
648 2950 684 3013 in
710 2956 875 3034 posterum
900 2955 934 3014 et
958 2950 1163 3034 immunem,
1190 2956 1291 3019 instru-

159 3055 269 3112 menta
294 3049 564 3132 praedecessorum
600 3055 791 3126 nostrorum,
828 3055 861 3113 et
897 3053 1237 3134 metropolitanorum,
1265 3056 1290 3115 et

161 3149 305 3232 Capituli
331 3148 432 3211 nostri
458 3147 686 3226 Karleolensis,
710 3154 744 3212 et
769 3146 970 3232 Thorphini³
1005 3155 1152 3234 patroni,
1174 3170 1291 3238 quorum

159 3248 350 3311 auctoritate
377 3248 417 3310 ad
442 3247 676 3329 possessionem
701 3247 845 3331 ejusdem
872 3247 1018 3312 ecclesiae
1041 3253 1255 3333 pervenerint,
1265 3254 1290 3312 et

159 3347 304 3428 ejusdem
326 3346 521 3430 possessioni
543 3346 584 3408 ad
606 3366 745 3428 praesens
767 3347 971 3423 incumbunt,
994 3367 1072 3430 quae
1096 3372 1159 3416 nos
1184 3349 1291 3415 oculato

160 3445 223 3507 fide
246 3446 476 3526 perspeximus,
498 3445 535 3507 in
556 3465 645 3527 praes.
664 3446 782 3528 scripto
804 3443 874 3528 (95)
898 3444 1058 3511 duximus
1081 3449 1288 3526 recitandasc

160 3548 276 3605 nostres
292 3543 541 3607 confirmationis
557 3544 735 3627 adjectione
750 3543 928 3607 roboranda
950 3545 1078 3626 pariter
1102 3554 1139 3612 et
1156 3545 1288 3633 juvanda

160 3643 316 3705 Litteram
331 3643 451 3726 quippe
462 3645 554 3706 bonae
565 3643 726 3707 memoriae
737 3642 917 3719 Etelwaldi,
931 3644 1186 3726 praedecessoris
1200 3643 1287 3715 nostri,

161 3742 361 3824 inspeximus
372 3742 435 3806 hiis
445 3743 550 3806 verbis
561 3741 843 3818 :uEthelwaldus
853 3741 894 3806 D.
905 3742 944 3806 G.
957 3742 1190 3812 Karleolensis
1200 3745 1286 3829 Ep’us

158 3842 238 3904 Elise
255 3841 490 3904 Archidiacouo
505 3841 701 3925 etCapitulo
719 3841 748 3905 S.
766 3840 878 3904 Mariae
894 3839 968 3924 [etc.,
983 3863 1022 3905 as
1037 3843 1077 3907 ia
1094 3847 1157 3912 No.
1174 3844 1247 3930 3t.]‘

198 3993 206 4024 ¹
225 3992 647 4054 RaduliusIreton,1280-1292.
1043 3991 1055 4026 ²
1073 3995 1149 4049 taut.

197 4073 208 4106 ³
226 4075 274 4125 See
286 4075 349 4125 Nos.
363 4076 405 4134 28,
422 4075 464 4134 29,
480 4080 529 4126 etc.

195 4157 280 4208 *The
299 4157 479 4223 orthography
500 4158 529 4208 oi
547 4158 593 4208 the
614 4157 758 4209 witnesses’
779 4173 868 4208 names
893 4157 980 4209 varies
999 4159 1120 4228 slightly
1141 4162 1170 4213 in
1189 4160 1230 4213 the
1243 4160 1282 4208 tu
1321 4118 1334 4213 Ι

160 4239 321 4302 documents,
336 4241 388 4289 aud
406 4240 480 4290 there
494 4257 536 4292 are
555 4241 632 4291 other
650 4240 733 4307 slight
751 4240 906 4292 differences
924 4240 954 4290 in
971 4240 1047 4293 their
1058 4243 1249 4313 designstiom
1262 4250 1282 4287 ¹¹

160 4323 303 4384 “Briotric,
316 4323 413 4387 Capell'
427 4323 459 4373 de
478 4324 502 4375 S.
523 4323 692 4387 Laurentio,'’
711 4324 753 4375 for
772 4323 971 4387 “Brichetrich,
984 4323 1127 4378 Preebiter
1141 4329 1175 4379 de
1192 4326 1214 4378 S.
1231 4315 1282 4380 L;”

160 4410 175 4433 “
186 4405 261 4454 Eudo
271 4404 286 4425 '⁹
299 4405 340 4454 ior
353 4410 371 4432 “
380 4406 502 4465 Heud0‚''
523 4412 541 4435 “
551 4406 632 4457 Yvo''
645 4407 686 4456 for
701 4412 719 4436 “
730 4407 806 4469 Ivo,”
819 4405 872 4458 and
891 4406 1048 4475 “Touphin’
1061 4409 1097 4461 de
1110 4407 1243 4461 Morlond”
1251 4403 1281 4453 fv?

163 4496 180 4517 ‘⁴
189 4488 304 4538 Thmfin'
318 4488 350 4538 de
364 4488 513 4541 Morlund.'’
1302 4538 1332 4954 Ι
