2866 5002
254 549 525 602 CARTULARIUM
544 550 744 601 ABBATHIAE
765 552 812 601 DE
831 525 1024 604 ΨΗΙΤΕΒῩ.Ἰ
1145 544 1205 602 239

68 715 181 798 Huley
196 715 231 777 in
247 715 333 778 dicta
349 713 434 790 ecel,
449 719 565 797 praeter
585 714 782 797 pensionem,
798 724 847 781 est
869 721 980 782 taxata
1001 739 1059 802 pro
1082 718 1206 782 decima

10 845 16 904 3
67 814 109 878 ad
131 815 242 878 decem
265 821 298 878 et
320 820 391 877 octo
414 834 556 892 marcas3
577 834 661 897 pare,
683 835 769 893 vero,
784 816 915 880 Ricardi
937 817 977 882 de
999 819 1148 882 Taunton
1170 819 1206 881 in

10 918 13 927 '
67 914 180 977 eadem
196 913 280 989 ecel,
295 918 411 997 praeter
424 913 621 996 pensionem,
636 918 684 978 est
701 920 812 978 taxata
827 916 867 979 ad
878 917 996 1001 viginti
1010 939 1151 998 marcas3
1173 925 1208 982 et

66 1014 180 1096 pensio
195 1014 334 1077 Abbatis
350 1013 389 1075 de
410 1011 567 1096 Whiteby
582 1012 622 1076 de
644 1018 779 1097 utroque
802 1017 936 1080 Rectore
958 1016 1053 1081 dictae
1075 1018 1151 1084 eccl.
1167 1017 1206 1082 de

66 1113 189 1190 Hoton,
203 1134 259 1196 pro
276 1112 453 1195 aequalibus
468 1112 678 1194 portionibus,
693 1113 734 1176 ad
749 1115 960 1199 quadraginta
975 1116 1102 1193 solidos
1111 1123 1207 1200 prout

10 1200 18 1207 ¹
64 1212 101 1274 in
118 1214 258 1294 quodam
272 1213 404 1295 registro
421 1213 562 1275 Gamerae
577 1213 759 1294 apostolicae
780 1214 1008 1279 beneficiorum
1022 1221 1206 1280 taxatorum

10 1365 17 1406 ξ,
65 1312 193 1395 Regum
208 1311 336 1396 Angliae
351 1311 543 1388 continetur,
558 1316 591 1374 et
605 1312 764 1395 reperitur
779 1313 942 1397 scriptum.
988 1316 1030 1378 In
1045 1317 1136 1399 cujus
1158 1316 1205 1380 rei

62 1418 87 1475 t.
100 1432 148 1494 pr.
160 1411 277 1475 litteris
293 1411 348 1495 sig.
363 1411 598 1476 camerariatus
611 1412 714 1475 nostri
729 1412 849 1495 apponi
861 1413 1004 1491 fecimus,
1015 1414 1205 1499 inpendenti

63 1512 143 1575 dato
159 1517 192 1574 et
207 1516 336 1593 sumpto
359 1510 399 1573 de
421 1510 506 1573 dicto
521 1510 654 1594 registro
678 1511 884 1575 demandato
906 1519 1024 1590 nostre,
1039 1513 1091 1577 die
1114 1518 1205 1577 sexta

63 1611 193 1675 decima
222 1610 342 1673 mensis
373 1609 529 1686 Octobris,
559 1610 599 1675 A.
629 1611 670 1674 D.
704 1609 888 1688 millesimo,
917 1632 980 1689 occ,
1010 1613 1204 1697 sexagesimo

62 1717 192 1795 quarto,
214 1710 403 1773 indictionis
427 1709 575 1773 secundae
597 1710 804 1793 pontificatus
827 1711 1021 1775 sanctissimi
1044 1711 1149 1775 Patris
1172 1719 1203 1776 et

61 1810 145 1875 D'ni
159 1810 269 1886 nostri,
286 1809 419 1885 Urbani,
434 1809 463 1874 d.
478 1809 650 1893 prudentia
665 1811 762 1894 Papae
783 1810 899 1893 quinti,
915 1831 998 1874 anno
1014 1810 1160 1894 seeundo.

290 1995 466 2060 OOXCIX.
491 1996 560 2058 Pno
576 2009 737 2058 ruusrcuu
753 2011 796 2058 nr
812 1996 984 2060 Kranusr.

110 2121 154 2184 In
167 2120 231 2184 Dei
245 2121 383 2197 nomine,
399 2120 511 2183 Amen.
557 2119 691 2184 Auditis
707 2126 740 2183 et
754 2119 930 2184 intellectis
952 2121 1076 2186 meritis
1092 2139 1205 2196 causae,

60 2229 135 2286 tam
156 2219 302 2305 petitoris
325 2241 423 2303 quarn
445 2219 644 2303 possessoris,
659 2240 757 2302 super
778 2220 934 2303 petitione
957 2221 1100 2304 quinque
1121 2240 1206 2284 mar-

61 2342 186 2397 carum,
200 2321 330 2384 nomine
346 2340 462 2383 annuae
476 2320 640 2402 pensionis
656 2321 696 2383 ab
712 2321 787 2384 ecel.
804 2320 843 2384 de
856 2321 1013 2405 Kyrkeby
1029 2321 1063 2384 in
1087 2320 1204 2405 Olyve·

60 2420 177 2485 landia
191 2418 330 2496 debitae,l
342 2426 438 2483 motae
453 2440 561 2482 eoram
583 2419 685 2496 nobis,
701 2420 851 2484 Officiari'
867 2421 972 2486 Curiae
994 2421 1204 2486 Eboracensis

61 2520 290 2586 Commissario
307 2518 465 2595 Generali,
481 2519 567 2583 inter
578 2520 755 2604 Religiosos
767 2520 862 2599 viros,
877 2522 1040 2587 Abbatem
1055 2529 1088 2586 et
1103 2522 1203 2586 Ocnv.

61 2620 182 2685 Mon’ii
205 2619 243 2683 de
258 2619 426 2702 Whiteby‚
450 2617 530 2703 (81b)
553 2619 647 2683 dictae
670 2620 812 2685 ecclesiae
834 2629 994 2704 patronos,
1008 2643 1066 2705 per
1086 2620 1204 2706 magis-

61 2730 154 2786 trum
186 2719 389 2784 Willelmum
423 2720 462 2782 de
487 2719 719 2802 Hundnranby‚
745 2727 984 2803 procuratorem
1020 2721 1203 2797 eorundem,

61 2828 286 2904 comparentes
312 2827 467 2896 auctores
490 2841 530 2884 ex
555 2827 647 2903 parte
669 2841 742 2896 una,
766 2827 798 2884 et
820 2821 940 2883 M’rum
964 2820 1139 2884 Robertum
1162 2818 1203 2882 de

61 2921 280 2998 Hesellerton,
296 2921 390 2985 dictae
405 2922 478 2984 ecel.
495 2921 535 2985 de
551 2920 709 3004 Kyrkeby
719 2924 882 2996 rectorem,
896 2940 954 3003 per
968 2919 1201 2982 contumaciam

60 3024 241 3097 absentem,
262 3022 353 3103 cujus
378 3021 523 3084 absentia
549 3021 612 3084 Dei
638 3019 810 3102 praesentia
840 3019 1009 3103 repleatur,
1035 3037 1136 3094 reum,
1162 3037 1202 3080 ex

60 3122 175 3197 altera,
202 3121 288 3184 dicta
311 3121 422 3184 libello
452 3120 623 3183 verborum
650 3125 683 3182 et
709 3117 962 3203 subscriptorum
988 3117 1102 3180 seriem
1128 3136 1202 3179 ecn-

61 3219 313 3287 tinente:²—In
335 3221 399 3285 Dei
421 3221 561 3297 nomine,
582 3219 697 3284 Amen.
744 3218 859 3282 Coram
873 3217 975 3295 vobis,
990 3217 1062 3280 d'ne
1083 3216 1203 3296 ludex,

62 3322 147 3385 dicit
173 3327 205 3383 et
234 3320 270 3382 in
293 3320 365 3403 jure
395 3319 546 3403 proponit
574 3325 760 3402 procurator
789 3317 1024 3406 Religiosorum
1052 3316 1204 3394 virorum,

61 3420 205 3484 Abbatis
230 3425 261 3482 et
285 3419 384 3484 Oonv.
415 3418 531 3481 Mon'ii
555 3418 594 3481 de
623 3417 789 3501 Whiteby‚
818 3422 966 3481 notorum
996 3423 1203 3501 patronorum

62 3518 211 3583 ecclesiae
233 3518 272 3581 de
295 3518 453 3602 Kyrkeby
469 3518 505 3579 in
530 3516 740 3593 Olivelandia,
755 3517 886 3581 nomine
911 3517 1124 3600 procuratoris
1145 3537 1203 3600 pro

62 3617 188 3681 eisdem
214 3623 247 3679 et
272 3617 361 3682 Mon.
386 3638 444 3681 suo
471 3616 642 3693 antedicta
669 3622 779 3680 contra
809 3616 928 3679 M’rum
958 3617 1135 3680 Robertum
1164 3615 1203 3678 de

62 3715 250 3791 Heslerton,
266 3716 371 3798 quise
386 3715 469 3798 gerit
494 3736 552 3799 pro
577 3716 712 3779 Rectore
735 3714 876 3779 ecelesiae
891 3715 931 3778 de
952 3715 1112 3799 Kyrkeby
1126 3734 1204 3796 prae-

62 3816 171 3889 dietae,
186 3821 219 3877 et
234 3820 344 3877 contra
360 3815 536 3897 quemlibet
557 3835 615 3897 pro
641 3814 754 3877 ecdem
768 3814 803 3876 in
822 3815 945 3898 judicio
959 3814 1102 3898 legitime
1118 3832 1204 3875 eom·

62 3918 241 3998 parentem,
257 3918 289 3976 et
312 3914 407 3996 quod,
422 3913 499 3977 lieet
522 3913 602 3977 dicti
625 3912 789 3996 Religiosi‚
803 3913 931 3995 patroni
952 3911 1130 3985 memorati,
1146 3929 1203 3973 suo

63 4022 97 4078 et
113 4012 194 4076 dicti
209 4013 399 4076 Monasterii
415 4012 465 4075 sui
488 4013 626 4087 nomine,
642 4012 781 4075 luissent
796 4016 829 4074 et
851 4015 957 4074 essent
978 4010 1063 4072 bona
1084 4007 1147 4070 fide
1169 4009 1205 4070 in

63 4113 171 4196 plena,
197 4112 338 4194 pacifica,
365 4112 518 4175 canonica
543 4117 576 4174 et
602 4109 774 4173 sufficienti
800 4109 1008 4191 possessione,
1033 4106 1086 4169 vel
1112 4107 1205 4187 quasi

12 4244 18 4249 ·
59 4212 145 4296 juris
182 4210 381 4293 percipiendi
418 4218 451 4273 et
487 4209 628 4274 habendi
664 4228 805 4271 annuam
841 4205 1028 4290 pensionem
1062 4204 1204 4287 quinque

15 4346 22 4374 ·.
63 4331 245 4375 marcarum
271 4331 451 4373 annuarum
478 4316 706 4392 perpetuarum
732 4309 772 4370 ab
798 4305 872 4371 eccl.
896 4304 1048 4388 praedicta
1077 4309 1110 4366 et
1138 4323 1205 4367 rec-

193 4433 201 4465 ¹
248 4435 277 4483 ‚ti
289 4452 312 4484 α.

193 4515 203 4549 ²
222 4435 287 4569 sshe‘
293 4521 414 4568 sentence
428 4518 450 4567 is
463 4517 579 4579 obscure,
595 4515 723 4582 probably
737 4513 851 4581 through
865 4529 936 4564 some
949 4512 1080 4563 omission.
