2866 5002
258 535 529 590 OARTULARIUM
546 535 749 588 ABBATHIAE
768 535 817 586 DE
834 537 1020 590 WHITEBY.
1141 530 1199 589 281

63 700 240 783 propositis
263 700 456 784 quibusdam
482 700 606 764 frivolis
633 701 876 784 exceptionibus
902 708 935 767 ot
961 704 1102 782 cassatis,
1125 704 1204 769 dicti

64 797 176 863 Abbas
191 805 226 863 et
240 800 339 864 Conv.
355 800 396 863 ad
412 799 527 863 Sedem
541 798 763 882 Apostolicam
778 800 892 865 frivole
907 802 1119 885 appellarunt,
1129 824 1204 869 cum

63 917 132 961 non
147 898 261 962 fuisset
276 899 317 961 ad
340 919 411 962 eam
433 898 489 962 sed
509 899 550 962 ad
564 898 839 963 Archidiaconum
860 907 1072 966 memoratum
1093 904 1204 987 appel·

60 993 209 1072 landum,
223 1000 384 1080 praetextu
399 997 491 1078 cujus
507 996 743 1079 appellationis,
757 998 922 1064 occasione
943 999 1013 1065 litia
1026 1002 1204 1080 retardatae,

61 1094 154 1177 (109)
174 1102 369 1158 memoratus
387 1094 573 1158 Willelmus
595 1094 736 1178 dampna
757 1097 866 1179 gravia
888 1103 921 1162 ct
942 1119 1107 1182 expensas,
1122 1121 1203 1184 quas

59 1193 205 1256 aestimat
229 1193 270 1256 ad
291 1193 505 1276 quadraginta
530 1212 718 1269 mercasse
744 1195 857 1258 asserit
882 1196 1075 1262 incurrisse:
1104 1219 1203 1282 quare

57 1290 148 1374 petit
177 1291 263 1355 idem
292 1291 477 1356 Willelmus
514 1291 683 1374 praedictos
712 1292 872 1356 Abbatem
902 1300 935 1358 et
964 1295 1062 1361 Oonv.
1093 1298 1135 1361 ad
1167 1298 1203 1362 xl

55 1409 186 1453 marcas
201 1410 356 1472 expensas
368 1390 498 1454 nomine
513 1389 576 1454 sibi
591 1391 826 1473 condempnari,
838 1397 871 1455 et
886 1392 927 1456 ad
941 1394 1203 1460 satisfaciendum

56 1487 170 1552 eidem
199 1489 364 1553 Willelmo
394 1489 434 1553 de
463 1489 499 1551 xl
529 1489 643 1553 marcis
672 1490 755 1573 petit
783 1491 954 1574 praediotos
979 1493 1141 1559 Abbatom
1170 1502 1204 1560 ct

57 1589 279 1665 Conventum,
301 1609 338 1652 ac
364 1593 601 1672 procuratorem
627 1609 737 1653 eorum
759 1590 932 1654 eorundem
955 1592 1095 1672 nomine,
1116 1614 1202 1658 com-

55 1686 151 1771 pelli.
197 1688 276 1752 Haec
291 1687 371 1751 dicit
386 1688 475 1752 salvo
491 1688 554 1752 sibi
564 1689 647 1772 juris
662 1689 817 1754 beneficio
833 1689 869 1753 in
883 1691 1040 1756 omnibus.

276 1888 506 1954 ΟΟΟΧΧΧΙΙ.
529 1890 616 1953 Arra
632 1905 796 1953 1111111
812 1889 990 1954 Ouossunv.

108 2029 201 2093 Omn.
219 2029 249 2094 S.
259 2029 304 2092 M.
320 2028 406 2095 Ecol.
423 2028 498 2093 filiis
514 2029 555 2092 ad
570 2049 650 2113 quos
665 2049 710 2112 pr.
723 2027 840 2091 litterae
854 2028 1067 2110 pervenerint,
1082 2029 1201 2113 Magis·

55 2136 113 2193 ter
135 2128 315 2212 Hospitalis
337 2129 492 2212 Riponiae,
507 2134 540 2192 11
561 2129 712 2192 Decanus
732 2126 985 2191 Christianitatis
1001 2128 1092 2212 [loci]
1115 2129 1200 2212 ejus-

57 2229 147 2305 dem,
161 2235 306 2312 gerentes
321 2229 407 2292 vices
427 2229 547 2292 Prioris
563 2228 603 2292 de
624 2226 828 2304 Kirkeham,¹
844 2231 877 2290 et
897 2226 975 2290 D’ni
997 2226 1145 2311 Hugonis
1161 2228 1201 2293 de

58 2327 255 2405 Roderham,
285 2328 439 2392 Canonici
475 2328 631 2410 Riponiae,
660 2327 807 2410 judicum
842 2347 861 2390 a
899 2327 980 2392 Sede
1013 2327 1201 2411 Apostolica

57 2429 297 2510 deputatorum,
314 2428 397 2491 D’no
420 2426 580 2503 Roberto,2
601 2427 837 2491 Archidiacono
859 2426 1082 2508 Dunelmensi,
1104 2428 1200 2493 tertio

58 2547 173 2592 eorum
189 2526 363 2609 conjudice,
378 2527 419 2590 ad
437 2531 539 2590 totam
561 2546 690 2590 causam
712 2524 856 2609 legitime
877 2532 1039 2602 excusato,
1053 2526 1089 2589 in
1104 2546 1201 2592 causa

59 2626 289 2711 appellationis
301 2627 476 2710 interjectae
490 2646 548 2710 per
557 2625 720 2688 Abbatem
732 2633 764 2689 et
777 2625 982 2689 Conventum
993 2626 1033 2690 (11
1044 2625 1201 2709 Whiteby

59 2728 104 2790 ab
128 2726 385 2808 augmentatione
410 2725 497 2788 facta
520 2723 646 2788 vicariae
673 2723 814 2787 ecelesiae
841 2743 951 2786 eorum
974 2722 1013 2786 de
1040 2723 1201 2806 Orosseby

60 2824 322 2901 Ravnesvvarthe,
338 2823 472 2888 Karliol.
489 2823 659 2899 dioceseos,
674 2822 714 2885 de
728 2820 804 2883 lana
819 2826 851 2883 et
866 2819 966 2903 agnis,
980 2839 1037 2902 per
1059 2818 1201 2884 officium

59 2923 264 2987 Venerabilis
286 2923 396 3006 patris,
411 2922 488 2985 D'ni
510 2919 694 3004 11[ο1)1111],2
710 2917 844 2981 Karliol.
860 2917 1021 3000 Episcopi,
1037 2923 1070 2981 et
1084 2916 1201 2981 Archi·

59 3022 191 3086 diaconi
216 3021 359 3098 Karliol,
379 3021 496 3104 quibus
523 3020 609 3083 idem
631 3019 820 3102 Episcopus,
837 3016 940 3100 judex
963 3035 982 3079 a
1004 3015 1089 3078 D’no
1113 3014 1201 3098 Papa

59 3121 236 3205 delegatus,
251 3117 470 3185 commiserat⁸
489 3140 584 3202 super
605 3119 666 3181 hoo
689 3116 833 3181 totaliter
855 3115 941 3178 vices
965 3134 1048 3190 suas,
1063 3113 1201 3178 salutem

58 3222 97 3285 in
112 3220 253 3283 Domino
269 3221 503 3303 sempiternam.
549 3219 632 3282 Cum
654 3237 711 3300 pro
733 3214 949 3298 appellatione
964 3213 1080 3296 atejus
1096 3233 1201 3291 causa,

53 3319 189 3404 justitia
199 3320 370 3395 mediante,
379 3317 695 3402 pronuntiaverimus
707 3313 1002 3397 augmentationem
1014 3312 1201 3396 praedictam

58 3421 102 3482 (11
118 3419 194 3481 lana
208 3424 241 3481 11
256 3418 345 3500 agnis
361 3417 547 3493 revocando,
563 3423 596 3479 11
611 3415 737 3479 eosdem
756 3412 847 3476 lanas
862 3416 895 3476 11
910 3432 1008 3497 agnos
1023 3410 1146 3475 Abbati
1168 3417 1201 3475 et

59 3519 162 3581 Conv.
193 3516 423 3599 adjudicantes,
453 3535 490 3578 ac
522 3521 677 3598 perpetuo
707 3533 803 3589 nexu,
834 3511 918 3575 siout
955 3511 1046 3594 prius
1075 3530 1202 3596 semper

58 3619 199 3692 fuerant,
228 3615 369 3678 rectoriae
399 3613 540 3679 ecclesiae
572 3617 756 3677 memoratae
787 3611 936 3676 unientes
949 3611 1104 3691 5-Vobis
1134 3631 1202 3674 om-

58 3716 158 3778 nibus
181 3721 214 3778 et
236 3714 380 3798 singulis,
400 3713 436 3776 in
457 3713 578 3776 virtute
606 3712 796 3776 obedientiae
819 3731 883 3794 qua
909 3710 986 3774 Sedi
1009 3709 1201 3793 Apostolioae

57 3815 218 3878 tenemini
255 3814 388 3877 firmiter
424 3812 632 3896 injungendo,
661 3809 852 3874 mandamus
890 3808 1043 3891 quatinus
1081 3808 1202 3871 dictam

58 3914 256 3979 sententiam
279 3921 429 3989 nostram,
452 3919 508 3976 aut
531 3911 634 3995 ipsius
657 3911 816 3983 effectum,
833 3906 1027 3990 perturbare,
1046 3904 1201 3988 impedire

58 4020 117 4077 aut
149 4013 306 4076 contraire
333 4031 536 4094 quocumque
561 4010 656 4072 modo
682 4029 749 4072 non
777 4005 989 4090 praesumatis,
1015 4004 1076 4067 sub
1104 4023 1201 4085 poena

96 4165 105 4196 ¹
125 4165 207 4231 Hugh
221 4179 311 4213 occurs
324 4163 351 4212 in
366 4162 601 4223 mot-(Buram
616 4175 641 4226 p.
656 4159 728 4219 377.)

95 4246 106 4278 2
125 4248 227 4297 Robert
237 4246 269 4295 de
283 4247 319 4295 St.
331 4245 437 4311 Agatha
445 4261 499 4295 was
509 4243 633 4293 collector
642 4241 670 4291 ol
681 4241 728 4290 the
742 4237 820 4289 tenth
830 4236 857 4287 in
870 4236 917 4287 the
926 4235 1029 4286 diocese
1039 4233 1067 4284 of
1079 4234 1200 4285 Durham

59 4333 85 4382 iu
102 4330 180 4392 1267,
193 4329 246 4380 and
258 4345 313 4378 was
326 4328 498 4378 Arohdoacon
512 4327 540 4376 in
556 4324 717 4386 rava-(Le
730 4323 823 4384 Neve.)

94 4416 104 4447 ³
123 4417 275 4472 1111111111,
291 4411 379 4462 which
398 4410 420 4461 is
439 4408 577 4473 obviously
589 4423 736 4458 erronaous.
774 4404 830 4454 Tha
848 4406 912 4454 next
924 4400 999 4463 dead,
1015 4399 1102 4451 which
1115 4415 1158 4451 see
1171 4416 1200 4450 aa

59 4497 204 4549 connected
219 4495 283 4545 with
296 4495 358 4555 this,
374 4493 448 4544 reads
461 4494 626 4543 commiserat.
