2910 5002
281 528 343 587 334
462 535 732 589 CARTULARIUM
751 534 955 587 ABBATHIAE
972 536 1023 589 DE
1039 538 1230 592 wmultBY.

276 702 453 779 annuatim,
468 721 635 784 quousque
650 699 737 764 idem
751 700 774 764 J
776 699 918 764 ohannes
933 699 973 765 de
988 701 1105 766 Monte
1118 703 1240 768 Valcre
1254 712 1402 789 promotus

274 802 373 865 fuerit
387 800 428 864 ud
443 800 574 883 aliquod
595 799 786 863 beneficium
802 799 1055 864 ecclesiasticum
1071 808 1269 886 competens,
1283 804 1404 868 adduas

274 901 353 963 anni
372 899 628 963 terminos—viz.
644 899 685 961 ad
700 898 720 962 f.
736 898 1004 963 Annuntiaticnis
1021 900 1056 965 B.
1073 901 1188 965 Mariae
1209 908 1287 967 aute
1307 904 1404 967 datum

276 998 491 1081 praesentium,
504 1004 536 1062 et
552 998 592 1061 ad
607 997 628 1062 f.
645 997 675 1061 S.
688 996 858 1060 Michaelis
874 999 1020 1080 proxime
1035 999 1193 1079 futurum,
1208 1022 1267 1085 per
1281 1004 1405 1086 aequales

275 1097 446 1180 portiones,
494 1098 535 1159 In
558 1097 650 1180 cujus
672 1096 719 1159 rei
740 1101 812 1160 test.
829 1096 886 1179 sig.
909 1103 1056 1161 nostrum
1079 1119 1254 1166 commune
1275 1104 1406 1185 partibus

275 1197 492 1279 apposuimus.
538 1197 662 1259 Datum
676 1195 712 1258 in
727 1195 821 1259 domo
837 1200 947 1260 nostra
961 1196 1154 1281 capitulari,
1168 1200 1270 1263 Anno
1285 1201 1407 1266 christi-

275 1316 345 1360 anae
374 1295 553 1379 Religionis
582 1294 755 1359 millesimo
785 1294 1042 1379 quingentesimo
1071 1297 1121 1375 ii0,
1151 1303 1186 1363 et
1215 1320 1302 1365 anno
1329 1304 1408 1386 regni

275 1395 472 1459 serenissimi
493 1395 589 1479 Regis
611 1394 747 1459 Henrioi
769 1393 906 1479 Septimi
930 1394 1034 1474 xviim,
1059 1402 1092 1460 2⁸
1114 1397 1170 1463 die
1191 1399 1315 1466 mensis
1340 1401 1407 1486 Sep·

277 1495 417 1560 tembris.

752 1671 943 1736 cccxcss.

321 1823 414 1886 Omn.
432 1819 553 1885 christi
575 1819 723 1884 fidelibus
746 1820 787 1884 ad
810 1840 890 1903 quos
912 1841 969 1884 scr.
993 1841 1038 1905 pr.
1059 1824 1256 1905 pervenerit,
1270 1825 1348 1903 Nos,
1359 1827 1406 1891 Jo

276 1920 400 1985 hannes
422 1917 622 1995 Benestede,¹
637 1920 747 1983 Abbas
770 1919 885 1982 Mon'ii
907 1919 961 1984 SS.
977 1920 1012 1984 P.
1027 1924 1061 1983 et
1083 1921 1196 1986 Hildae
1219 1924 1260 1989 de
1276 1926 1406 2011 Whithy‚

277 2021 408 2085 Ordinis
431 2020 461 2085 S.
485 2019 661 2096 Benedicti,
682 2019 777 2084 Ebor.
799 2018 888 2095 dioc,
910 2026 944 2084 et
966 2019 1111 2103 ejusdem
1131 2021 1199 2087 loci
1222 2022 1324 2089 Oonv.
1341 2046 1363 2090 s.
1380 2026 1407 2089 in

276 2121 418 2183 Domino
448 2119 683 2203 sempiternam.
743 2118 909 2183 Noveritis
944 2139 1013 2199 nos,
1042 2121 1161 2186 nostris
1193 2126 1359 2189 communi
1383 2132 1407 2190 et

276 2219 423 2282 unanimi
438 2239 595 2282 consensu
610 2223 642 2282 et
657 2237 798 2293 assensu,
813 2237 870 2300 pro
893 2216 985 2281 nohis
1001 2222 1033 2282 et
1048 2239 1131 2284 succ.
1146 2223 1280 2300 nostris,
1296 2224 1407 2288 dedisse

277 2326 310 2383 et
332 2320 508 2384 concessise
531 2318 648 2382 dilecto
671 2318 764 2382 nobis
782 2317 927 2381 <iohanni
949 2316 1128 2397 Staineton,
1143 2320 1286 2386 Custodi
1307 2324 1407 2387 domus

277 2418 393 2502 Regiae'
405 2418 491 2500 apud
513 2416 707 2493 Richmont’,
721 2421 843 2480 vocatae
856 2416 1043 2494 Wardrobe,
1057 2418 1226 2501 quendam
1247 2423 1407 2487 annualem

275 2516 439 2580 redditum
461 2515 497 2578 xl
518 2515 694 2580 solidorum
716 2517 808 2580 bonae
822 2521 856 2580 et
869 2515 981 2600 legalis
999 2523 1136 2582 monetae
1150 2519 1295 2605 Anglise,
1310 2522 1350 2587 ad
1368 2524 1406 2586 in-

275 2616 430 2680 stantiam
455 2621 584 2680 tantum
606 2616 802 2681 serenissimi
823 2616 1098 2702 illustrissimique
1121 2619 1290 2705 Principis
1312 2622 1407 2697 nostri.

276 2716 411 2781 Henrioi
434 2716 580 2799 Septimi,
595 2714 788 2793 habendum,
803 2717 980 2781 tenendum
995 2722 1028 2781 et
1042 2717 1295 2801 percipiendum
1316 2721 1407 2787 eidem

274 2817 297 2880 ,J
299 2816 419 2880 charmi
442 2815 610 2879 Staineton
627 2814 667 2878 de
689 2815 782 2879 nohis
797 2820 830 2879 et
844 2836 928 2881 succ.
943 2816 1062 2881 nostris
1083 2819 1268 2899 annuatim,
1284 2820 1407 2887 durante

274 2916 411 2980 termino
433 2915 509 2978 vitae
531 2915 600 2997 ejus
623 2919 760 2991 tantum,
781 2915 821 2978 ad
844 2914 925 2979 duos
947 2915 1025 2979 anni
1046 2916 1315 2985 terminos-viz.
1336 2918 1408 2985 adl

274 3015 385 3079 Sancti
414 3015 460 3078 M.
487 3019 560 3097 post
586 3013 698 3077 datum
727 3014 945 3096 praesentium,
971 3021 1003 3079 et
1032 3015 1074 3079 ad
1103 3016 1123 3080 f.
1150 3016 1246 3082 Pent
1275 3020 1408 3103 proxime

272 3115 428 3191 futurum,
443 3135 500 3198 per
515 3112 654 3196 aequales
669 3113 841 3197 portiones.
885 3115 926 3178 In
941 3115 1033 3199 cujus
1047 3115 1095 3179 rei
1107 3120 1182 3182 test
1198 3118 1258 3203 sig.
1274 3126 1407 3185 nostrum

273 3233 443 3278 commune
473 3213 689 3297 apposuimus.
745 3213 869 3277 Datum
898 3214 935 3277 in
963 3215 1057 3279 domo
1086 3220 1200 3281 nostra
1227 3218 1409 3303 Oapitnlnri,
1445 3218 1451 3309 Ι

272 3315 370 3377 Anno
401 3312 522 3377 Salutis
552 3312 772 3390 m⁰cccccviii⁰,
797 3319 831 3377 et
856 3334 941 3378 anno
970 3314 1061 3397 regni
1090 3314 1298 3383 inclitissimi
1327 3319 1409 3405 Regis
1449 3348 1451 3351 ·

274 3412 409 3476 Henrioi
424 3411 569 3495 Septimi,
586 3411 689 3491 xxiii0,
705 3411 778 3476 viii⁰
792 3411 845 3476 die
859 3413 980 3479 mensis
994 3414 1028 3478 N
1028 3414 1198 3481 osembris.

738 3597 948 3665 cccxciii.

316 3749 410 3813 Omn.
441 3747 564 3811 Christi
592 3746 742 3812 fidelibus
772 3747 814 3812 ad
843 3768 924 3831 quos
952 3769 999 3832 pr.
1029 3769 1087 3813 scr.
1117 3754 1323 3835 pervenerit,
1347 3756 1411 3829 Nos

271 3849 408 3912 Thomas
431 3845 602 3929 Bydnell’,2
616 3845 728 3910 Abbas
751 3846 866 3910 Mon'ii
889 3847 943 3911 SS.
959 3849 994 3912 P.
1010 3854 1045 3913 et
1063 3848 1176 3913 Hildae
1191 3850 1235 3916 de
1253 3854 1411 3941 [Whitby]

272 3948 402 4011 Ordinis
425 3947 455 4010 S.
480 3945 656 4022 Benedicti,
678 3946 771 4011 Ebur.
794 3945 887 4023 dico,
902 3952 935 4011 et
957 3946 1102 4029 ejusdem
1122 3948 1191 4013 loci
1214 3952 1335 4034 Gonu,
1351 3954 1412 4023 sir

306 4083 316 4117 ¹
333 4084 407 4135 John
418 4083 564 4134 Beneetede
576 4083 638 4133 died
650 4083 677 4133 in
693 4084 769 4145 1514,
783 4082 826 4134 his
837 4084 1006 4149 predecessor
1014 4084 1098 4148 (Will
1112 4085 1146 4137 de
1159 4087 1317 4159 Eveeham)
1329 4094 1413 4159 bring

269 4169 396 4219 deceased
408 4168 436 4217 in
451 4169 526 4219 1505.
563 4167 643 4217 From
660 4167 708 4217 the
725 4167 790 4218 date
808 4167 836 4218 of
853 4168 901 4219 the
919 4172 1026 4234 present
1042 4168 1112 4219 deod
1129 4169 1155 4221 ie
1173 4188 1242 4241 may
1255 4174 1296 4230 be
1312 4176 1412 4231 infernal

268 4252 331 4302 that
349 4267 420 4301 some
438 4250 517 4315 delay
535 4250 588 4300 had
605 4251 732 4300 occurred
750 4251 779 4300 in
796 4251 959 4319 completing
979 4252 1026 4302 the
1046 4262 1259 4321 arrangement·
1279 4260 1326 4315 for
1344 4262 1412 4315 Bene

268 4334 365 4385 stede’s
377 4334 526 4399 promotior
540 4333 593 4383 and
606 4334 752 4385 induction.

303 4413 315 4448 ²
332 4416 447 4466 Thomas
466 4415 579 4482 Bydnell
597 4416 659 4466 died
677 4415 706 4466 in
726 4418 802 4479 1516,
816 4416 915 4483 having
933 4414 1076 4468 succeeded
1090 4416 1169 4471 John
1189 4422 1358 4495 Bonum,
1367 4428 1414 4481 'to
1448 4424 1451 4471 1

268 4499 331 4550 sues
342 4500 370 4549 in
385 4502 461 4550 1514.
1440 4492 1451 4572 ι
