2866 5002
465 514 754 566 INTRODUCTORY
771 516 970 568 OHAPTERS.
1194 520 1282 562 xxxv

144 681 201 744 bus
210 679 355 763 impulsa
365 679 555 742 sustinuerit
566 680 828 762 perturbationes.
863 679 1123 744 Anno¹Domini
1133 680 1281 764 mlxxviij

144 785 300 864 regnante
314 780 494 863 Aaqlcrwa
515 799 596 863 rege,
611 780 782 862 prudentia
804 787 837 843 et
858 780 955 844 armis
970 779 1191 844 strenuissimo
1205 780 1283 857 viro,

154 879 319 956 Willclmo,
342 878 400 961 qui
421 879 577 960 Aspla'am
598 877 715 942 ditioni
736 879 874 963 subjecit
895 899 962 955 suo,
985 898 1070 942 anno
1093 878 1282 943 duodecimo

145 979 234 1062 regni
251 979 332 1061 ejus,
343 977 551 1060 pontificante
566 976 652 1059 apud
664 977 805 1040 Eburum
819 977 949 1042 domino
964 978 1083 1041 1710100
1096 977 1282 1060 Archiepis-

146 1099 234 1162 copo,
249 1098 308 1161 ego
332 1076 516 1159 Stephanos,
531 1076 688 1141 abdicatis
710 1097 768 1160 pro
789 1077 917 1142 Christo
940 1076 1163 1160 voluptatibus
1177 1078 1282 1140 carnis

146 1184 243 1260 atque
258 1176 395 1259 abjectis
410 1175 615 1238 saecularibus
631 1175 724 1252 curis,
740 1176 779 1239 dc
794 1175 961 1259 naufragio
981 1176 1080 1259 hujus
1102 1175 1212 1239 saeculi
1225 1176 1283 1238 vix

146 1276 243 1353 evasi,
259 1281 358 1358 atque
379 1274 528 1339 habitum
549 1274 745 1338 monachicae
758 1275 922 1358 religionis
941 1275 1027 1358 apud
1046 1273 1283 1359 Wyttebeiam,²

146 1377 231 1440 sicut
249 1382 362 1458 postea
375 1373 597 1451 declarabitur,
613 1375 747 1456 suscepi
791 1376 839 1438 Eo
861 1395 1001 1457 namque
1015 1374 1050 1436 in
1065 1374 1134 1437 loco
1149 1373 1282 1456 quidam

147 1476 270 1552 fratres,
299 1481 378 1537 tunc
408 1473 561 1555 temporis
598 1472 819 1537 heremiticam
849 1474 952 1538 vitam
982 1473 1144 1549 ducentes,
1173 1473 1282 1556 ipsum

146 1573 253 1637 locum
276 1573 311 1635 in
341 1572 458 1636 melius
486 1592 639 1635 renovare
665 1573 846 1655 cupiebant,
869 1573 926 1656 qui
950 1572 1063 1655 priscis
1085 1573 1282 1655 temporibus

146 1670 1282 1755 Religiosorumvirorumacfeminarumconversatione,acpraediorum

146 1772 256 1855 ampla
270 1771 478 1854 possessione,
490 1771 553 1834 fuit
567 1770 773 1848 honorabilis,
781 1772 876 1834 modo
887 1792 961 1835 vere
975 1791 1058 1853 pene
1073 1769 1113 1832 ad
1124 1770 1283 1834 nichilum

145 1872 295 1935 redactus
310 1878 386 1948 erat,
402 1871 606 1933 barbarorum
628 1890 665 1934 ac
679 1871 869 1953 praedonum
889 1868 1126 1934 incursionibus
1141 1868 1283 1947 diversis,

145 1970 200 2034 vel
216 1970 289 2033 aliis
304 1970 394 2046 forte,
409 1988 489 2051 quas
504 1968 620 2045 nescio,
634 1969 728 2033 malis
744 1968 857 2033 causis.

189 2069 268 2132 Hiis
297 2088 372 2132 vero
394 2067 555 2144 fratribus,
581 2068 700 2150 quibus
722 2068 862 2132 sociatus
891 2087 975 2144 sum,
995 2075 1130 2150 praeerat
1151 2067 1283 2151 quidam

147 2167 460 2244 Renfridus,⁸,bonis
486 2166 611 2250 pollens
637 2167 789 2244 moribus,
818 2167 978 2231 virtutum
1003 2168 1184 2232 coelestium
1209 2166 1283 2230 dote

145 2267 331 2351 insignitus,
353 2266 410 2349 qui
433 2267 524 2349 cujus
544 2266 652 2330 meriti
674 2266 761 2348 apud
784 2267 892 2331 Deum
914 2266 1012 2331 fuerit
1032 2274 1193 2332 testantur
1214 2268 1283 2351 ejus

146 2386 251 2450 opera,
266 2366 380 2428 multis
396 2365 465 2447 ejus
480 2365 616 2448 vestigia
632 2365 724 2448 sequi
738 2365 921 2430 volentibus
938 2366 973 2428 in
988 2386 1092 2429 aevum
1108 2367 1282 2450 profutura.

189 2467 224 2530 Is
248 2465 370 2548 quippe
394 2463 479 2546 apud
501 2464 609 2528 locum
630 2465 688 2547 qui
713 2465 812 2528 (lecca
833 2464 961 2541 dicitur,
982 2465 1018 2527 in
1040 2466 1282 2549 Northanhym-

147 2564 277 2628 brorum
299 2563 455 2647 partibus,
476 2562 565 2646 prius
587 2563 754 2646 aliquanto
776 2568 920 2646 tempore
934 2572 1157 2641 commoratus
1172 2565 1282 2647 ibique

146 2664 267 2726 divinae
282 2662 548 2746 contemplationi
567 2682 685 2725 vacans
708 2662 870 2725 solitarius
893 2662 1012 2739 extitit,
1026 2683 1152 2726 necnon
1171 2670 1283 2746 postea

145 2763 260 2827 multis
283 2761 347 2825 sibi
369 2761 498 2825 sociatis
520 2761 682 2838 fratribus,
704 2762 762 2843 qui
784 2762 855 2845 ejus
877 2760 1032 2825 desiderio
1055 2763 1096 2826 ad
1118 2783 1284 2826 01111001-

146 2862 318 2937 fluxerant,
329 2860 400 2923 Deo
410 2865 519 2922 nostro
534 2860 595 2923 sub
606 2860 806 2924 districtione
815 2860 935 2944 regulae
945 2860 1082 2926 viriliter
1093 2861 1283 2944 aliquandiu

146 2959 330 3025 deservivit.
375 2959 478 3021 Locus
493 2964 600 3021 autem
612 2957 678 3035 ille,
690 2959 838 3041 quamvis
854 2958 894 3021 ad
910 2959 979 3042 ejus
990 2959 1160 3023 introitum
1171 2959 1284 3022 fuisset

147 3061 290 3124 ferarum
306 3065 338 3121 et
353 3058 463 3121 avium
485 3057 652 3134 habitatio,
668 3057 747 3120 olim
762 3064 871 3120 tamen
886 3058 921 3120 in
937 3078 973 3120 00
996 3057 1106 3120 extitit
1121 3078 1284 3121 servorum

147 3160 210 3223 Dei
249 3157 333 3220 inibi
362 3156 548 3239 degentium
581 3155 697 3220 fertilis
731 3156 933 3239 constipatio,
963 3156 1049 3219 inter
1077 3176 1157 3238 quos
1187 3157 1285 3220 etiam

147 3257 343 3322 venerabilis
377 3256 535 3338 presbiter
563 3256 650 3319 Beda
680 3255 797 3332 floruit,
827 3256 884 3338 qui
921 3255 1024 3318 multa
1053 3256 1284 3338 scripturarum

145 3361 348 3421 sacramenta
370 3375 427 3438 per
447 3354 601 3437 Spiritum
626 3355 781 3418 Sanctum
804 3355 962 3419 disserens
985 3355 1027 3418 ad
1042 3355 1284 3421 aedificationem

146 3456 294 3520 fidelium
309 3455 546 3538 impc1petuum
558 3453 737 3536 dereliquit.

190 3554 370 3618 Praedictus
389 3573 462 3636 crgo
483 3553 665 3635 Rccfrc'dcs,
680 3551 830 3616 desiderii
852 3553 904 3616 sui
925 3572 990 3615 non
1012 3553 1188 3632 immemor,
1210 3577 1284 3620 cum

146 3655 261 3718 fratres
292 3653 349 3735 qui
386 3672 461 3715 cum
497 3672 534 3714 eo
563 3652 769 3715 morabantur
805 3653 841 3714 in
878 3651 1057 3734 disciplinis
1086 3654 1285 3738 regularibus

146 3755 325 3816 instructos
354 3751 490 3815 vidisset
518 3751 682 3834 religionis
715 3750 900 3814 monasticae
925 3752 1093 3835 praeceptis
1122 3753 1285 3831 inhaerere,

147 3853 310 3934 deputans
323 3851 449 3914 labores
464 3850 541 3912 vitae
555 3849 721 3933 praesentis
736 3850 942 3931 parvissimos
957 3849 997 3913 ad
1013 3852 1284 3933 comparationem

146 3957 277 4014 aeternae
299 3948 528 4025 retributionis,
550 3948 630 4031 ipsis
652 3949 860 4011 maerentibus
890 3948 1080 4026 valedicens,
1110 3949 1285 4013 solitariam

146 4051 252 4114 vitam
275 4048 415 4113 ducendi
448 4048 551 4132 gratia
572 4045 817 4130 Wyttebeiam4
850 4046 949 4122 venit,
982 4048 1038 4111 sed
1069 4048 1115 4111 ibi
1149 4067 1282 4129 quoque.

145 4151 259 4214 audita
282 4150 351 4232 ejus
374 4148 470 4224 fama,
491 4147 600 4230 plures
623 4147 653 4210 ei
675 4147 788 4226 sociati
803 4152 887 4223 sunt,
903 4167 977 4211 cum
999 4168 1041 4211 eo·
1058 4146 1286 4230 perpetualiter

181 4312 190 4346 ¹
205 4312 401 4364 Irwcractionia
413 4310 554 4360 Dominicoe
566 4309 683 4360 inserted
696 4309 725 4358 in
737 4309 766 4360 C.
1032 4307 1042 4340 ²
1064 4308 1213 4358 1111011011.

180 4396 191 4431 ³
205 4396 366 4458 Reinsrr'das,
383 4411 413 4445 as
426 4394 481 4444 also
493 4394 519 4444 11
533 4395 569 4444 all
583 4394 674 4445 future
686 4409 759 4443 cases
771 4393 798 4444 of
810 4408 972 4442 occurrence.

180 4480 190 4514 ⁴
213 4481 378 4544 Wytbebiom.
