2866 5002
286 560 323 617 18
462 567 736 620 CARTULARIUM
754 567 957 620 ABBATHIAE
976 568 1025 619 DE
1042 569 1231 620 WHITEBY.

115 742 186 789 Nich-
200 742 231 789 de
285 734 313 798 S.
331 735 419 797 Petri
434 740 467 797 et
490 732 520 796 S.
546 732 665 815 Hyldae
680 732 721 796 de
735 733 902 816 Whitcby,
916 755 974 817 pro
997 733 1101 798 salute
1124 754 1151 798 a.
1167 753 1247 797 meae
1268 738 1299 797 et
1318 753 1363 816 pro
1374 750 1389 792 s.

115 802 226 967 Ξὲἓζζοῗξ
284 833 393 897 uxoris
416 853 503 908 meae,
527 837 559 895 et
583 833 728 895 omnium
752 830 929 895 amicorum
952 853 1105 908 meorum,
1128 836 1162 896 et
1185 837 1391 896 antecessorum

117 979 166 1024 arm
177 920 271 966 “ndfflffi
284 953 435 1008 meorum,
458 931 618 994 redditum
642 951 699 995 sex
722 931 926 994 denariorum
948 931 984 994 in
1006 930 1059 994 die
1080 930 1193 994 Natali
1216 931 1353 1008 Domini,
1369 929 1395 992 de

116 1037 159 1084 the
168 981 257 1097 111061
284 1051 336 1094 me
358 1036 391 1094 et
413 1031 486 1094 haer.
504 1031 585 1094 meis
607 1031 642 1093 in
663 1052 751 1114 perp.
768 1029 1054 1114 suscipiendorum,
1077 1030 1117 1094 de
1140 1030 1198 1093 illo
1222 1031 1314 1094 videl.
1335 1030 1396 1094 tofto

116 1098 260 1214 iffl'tfa
285 1131 370 1214 quod
386 1137 479 1194 teneo
494 1131 528 1193 in
544 1130 625 1193 villa
636 1130 676 1194 de
692 1130 849 1213 Whiteby
860 1130 899 1195 (19
914 1130 1073 1194 Nicholao
1089 1130 1206 1194 Bussel
1222 1136 1255 1194 ot
1265 1131 1334 1194 haer.
1350 1129 1396 1193 suis

116 1214 251 1320 {lffiffat
284 1230 318 1291 in
341 1229 433 1293 feodo
455 1230 555 1305 firma,
571 1228 658 1313 quod
679 1234 728 1293 est
750 1230 934 1312 proximum
958 1229 1069 1293 domui
1092 1251 1165 1312 quae
1187 1230 1253 1293 fuit
1275 1226 1397 1294 Ricardi¹

116 1331 229 1392 Whitby.
283 1329 418 1392 Brande.
464 1329 532 1411 Ego
547 1349 621 1393 vero
637 1334 670 1393 et
690 1329 764 1392 haer.
780 1328 845 1392 mei
866 1328 963 1392 istam
985 1328 1193 1392 donationem
1208 1350 1280 1392 war.
1295 1331 1360 1392 Deo
1376 1333 1399 1390 et

282 1427 414 1490 almario
430 1433 463 1491 et
477 1427 572 1511 praed.
586 1428 670 1493 Eccl.
688 1431 717 1494 S.
730 1430 766 1493 P.
783 1436 816 1493 et
832 1429 861 1493 S.
878 1427 920 1492 H.
938 1428 977 1492 de
992 1428 1066 1492 Wh.
1083 1450 1109 1493 c.
1126 1450 1152 1493 o.
1168 1429 1202 1492 h.
1218 1435 1250 1492 et
1265 1429 1398 1493 faeminas.

281 1526 324 1589 Et
350 1535 387 1590 ut
411 1526 480 1590 haec
504 1527 633 1590 donatio
648 1548 720 1591 mea
736 1532 807 1590 rata
832 1527 875 1591 sit
902 1534 935 1592 ct
961 1527 1095 1604 stabilis,
1118 1549 1164 1611 pr.
1190 1548 1248 1592 scr.
1276 1529 1329 1612 sig.
1351 1525 1399 1591 mei

281 1626 489 1708 impressione
519 1628 726 1692 corroboravi.
786 1627 862 1690 Hiis
892 1627 1039 1691 testibus.
1092 1627 1259 1692 Willelmo
1289 1628 1396 1691 Lambe.

281 1726 402 1808 Rogero
433 1726 473 1790 de
510 1726 685 1790 Lincolnia.
730 1724 872 1790 Roberto
901 1726 1000 1790 fratre
1030 1727 1108 1810 ejus,
1152 1727 1319 1791 Willelmo
1346 1726 1396 1789 filio

280 1826 461 1908 Freycsent.
505 1826 685 1890 Adafratre
701 1827 779 1910 ejus.
817 1827 957 1890 Roberto
974 1826 1156 1909 capellano.
1196 1827 1394 1911 1193919119-

281 1926 377 2005 dum;
407 1931 439 1989 et
454 1926 535 1989 aliis.

366 2157 456 2228 XIV.

110 2345 230 2465 {3352}
322 2352 490 2416 Universis
514 2353 543 2416 S.
568 2352 683 2417 Matris
705 2342 790 2417 Eccl.
807 2352 882 2417 filiis
905 2352 945 2416 ad
967 2373 1047 2436 quos
1070 2374 1115 2437 pr.
1132 2374 1156 2418 c.
1173 2375 1261 2438 perv.
1278 2354 1394 2418 Thomas

110 2464 167 2510 ham
182 2467 248 2523 gives
277 2453 316 2516 de
341 2452 560 2534 Berningham
586 2454 626 2517 de
645 2453 810 2536 Whiteby,
837 2452 925 2517 filius
956 2453 1088 2517 Roberti
1114 2453 1154 2518 de
1185 2454 1394 2538 Berningham

109 2524 250 2643 {fflssby
276 2553 421 2616 salutem.
453 2553 618 2617 Noveritis
630 2573 681 2616 me
692 2552 720 2616 d.
733 2573 758 2616 c.
772 2557 804 2616 et
818 2574 863 2636 pr.
878 2574 903 2617 c.
915 2573 988 2617 mea
1002 2553 1083 2617 conf.
1098 2553 1170 2618 Deo
1186 2560 1219 2618 et
1233 2555 1317 2619 Eccl
1331 2553 1356 2616 S.
1365 2552 1391 2614 P.

108 2646 163 2748 {2¹3²
172 2644 199 2688 ⁰f
277 2658 309 2716 et
320 2653 349 2715 S.
363 2651 404 2715 H.
418 2651 457 2714 de
468 2652 615 2734 Whitby,
627 2657 660 2716 et
674 2647 867 2715 Praecentor'i
877 2651 934 2735 qui
948 2672 1005 2734 pro
1018 2657 1160 2735 tempore
1177 2653 1284 2732 fuerit,
1298 2652 1353 2738 (3b)
1362 2648 1394 2713 ad

166 2737 172 2758 ’
276 2750 532 2814 emendationem
554 2750 717 2827 librorum,
731 2749 893 2813 redditum
917 2751 1027 2814 decem
1050 2757 1083 2814 et
1104 2756 1175 2815 octo
1199 2751 1394 2822 denariorum,

274 2872 331 2933 per
361 2871 491 2925 annum,
517 2849 599 2913 med.
630 2848 671 2912 ad
708 2850 924 2913 Pentecosten
953 2854 986 2913 et
1015 2849 1112 2912 aliam
1141 2849 1224 2914 med.
1255 2851 1296 2914 ad
1324 2850 1342 2913 f.
1368 2848 1394 2910 S.

276 2949 411 3013 Martini
433 2949 468 3011 in
490 2948 615 3031 hyeme,
638 2948 677 3011 dc
700 2948 841 3030 quodam
863 2948 997 3012 dimidio
1020 2949 1101 3013 tofto
1123 2949 1190 3012 t'rae
1212 2949 1247 3012 in
1263 2949 1396 3031 Whitby,

107 3062 262 3120 payableout
275 3050 310 3111 in
333 3051 405 3112 vico
429 3049 486 3131 qui
511 3053 645 3112 vocatur
666 3049 768 3125 Flore,
784 3047 871 3132 quod
894 3054 985 3131 pater
1009 3069 1100 3112 meus
1127 3049 1242 3113 habuit
1264 3050 1304 3114 de
1325 3051 1396 3114 dono

107 3121 252 3238 qqgrgoftn
275 3149 406 3211 Thomae
431 3149 469 3212 (19
493 3147 685 3230 Anclagby3
712 3152 745 3210 et
768 3149 856 3230 jacet
880 3149 967 3211 inter
991 3147 1084 3211 t’ram
1109 3147 1326 3213 Bartholomei
1345 3147 1396 3211 filii

239 3301 241 3305 ,
273 3248 461 3323 Alexandri,
477 3269 517 3311 ex
539 3255 631 3331 parte
646 3247 805 3324 orientali,
821 3253 854 3310 et
875 3248 968 3311 t’ram
991 3247 1121 3310 Radulfi
1143 3248 1183 3312 de
1205 3249 1351 3326 Piscaria,
1365 3268 1399 3310 ex

107 3339 363 3457 llissblllnparoe
391 3347 601 3427 occidentali3
637 3347 683 3410 ita
708 3346 805 3410 videl.
832 3346 920 3430 quod
948 3367 1066 3410 novem
1090 3347 1214 3411 denarii
1245 3349 1286 3412 de
1315 3347 1399 3412 dictis

124 3457 161 3514 'ft
173 3459 222 3503 and
275 3448 452 3511 octodecim
479 3448 545 3510 sint
568 3445 751 3529 specialiter
773 3445 812 3508 de
835 3445 918 3508 dono
934 3467 1014 3520 meo,
1031 3451 1064 3510 et
1079 3446 1136 3510 alii
1151 3468 1272 3512 novem
1286 3447 1399 3513 denarii

107 3517 260 3635 vleulll'aue
275 3548 313 3610 de
328 3548 429 3611 veteri
444 3547 535 3609 firma
550 3547 636 3609 dioto
652 3545 845 3609 Praecentori
872 3545 911 3609 (19
926 3545 1022 3628 praed.
1049 3546 1132 3610 tofto
1154 3546 1272 3612 debita.
1317 3548 1357 3610 Et
1377 3546 1401 3609 si

105 3637 189 3741 ξέἰξρΐ
198 3638 251 3683 sam
274 3648 439 3729 contingat
454 3647 541 3730 quod
556 3667 612 3729 per
626 3665 679 3708 me
694 3644 746 3708 vel
758 3645 901 3728 aliquem
915 3643 989 3708 haer.
1000 3665 1143 3708 meorum
1158 3648 1401 3729 praenominatus

272 3747 416 3809 redditus
457 3767 475 3808 a
512 3749 596 3808 retro
634 3741 748 3808 fuerit²
788 3743 897 3828 aliquo
928 3764 1013 3821 casu,
1044 3743 1157 3808 licebit
1192 3746 1290 3828 praed.
1326 3747 1401 3810 Prae-

273 3845 396 3908 centori
410 3844 505 3927 praed.
521 3844 640 3907 toftum
662 3842 787 3926 ingredi
801 3848 833 3906 et
854 3843 890 3905 in
905 3864 1006 3906 manu
1027 3864 1085 3907 sua
1106 3848 1218 3908 tenere
1240 3865 1401 3930 quousque

272 4020 399 4070 Charlton
412 4034 528 4068 assumes
541 4018 587 4068 the
600 4018 663 4067 date
676 4017 703 4068 91
723 4017 778 4068 this
797 4016 865 4068 deed
881 4020 911 4067 19
929 4017 962 4067 be
974 4016 1057 4068 about
1074 4016 1162 4084 thirty
1172 4034 1251 4083 years
1262 4020 1332 4071 later
1343 4020 1400 4071 than

270 4103 331 4154 that
344 4104 372 4153 91
389 4101 506 4152 William
519 4100 552 4150 dc
564 4101 649 4165 Percy
660 4100 694 4150 de
706 4100 827 4165 Dunsley
839 4099 977 4168 aforesaid,
992 4115 1023 4150 or
1040 4099 1123 4150 about
1142 4101 1212 4156 1170
1224 4104 1364 4170 according
1378 4106 1403 4152 to

270 4187 313 4235 his
326 4186 477 4252 rechoning.
515 4184 571 4233 The
590 4183 660 4245 date,
676 4184 807 4244 however,
827 4183 851 4234 is
868 4187 898 4235 at
915 4183 985 4234 least
1004 4182 1091 4248 thirty
1109 4199 1140 4234 or
1156 4183 1232 4250 forty
1250 4203 1327 4251 years
1344 4187 1405 4237 later

270 4270 335 4319 than
349 4267 575 4334 that-probably
590 4283 670 4320 more.
709 4266 766 4315 The
777 4266 874 4316 widow
886 4266 914 4316 91
931 4265 1051 4317 William
1063 4266 1169 4330 Iambe,
1181 4268 1230 4320 tho
1241 4269 1302 4321 first
1314 4284 1401 4333 among

268 4351 316 4402 the
330 4352 473 4413 witnesses,
487 4351 560 4417 gives
579 4349 680 4400 certain
698 4349 775 4399 lands
794 4352 822 4399 to
835 4348 950 4414 Whitby
961 4349 1003 4400 for
1019 4349 1067 4399 the
1084 4349 1144 4399 9991
1162 4350 1191 4400 91
1208 4351 1259 4403 her
1275 4353 1330 4404 late
1348 4353 1402 4402 hus·

270 4432 340 4482 band
353 4433 450 4498 during
457 4434 504 4483 the
516 4432 692 4497 incumbency
703 4432 731 4481 91
742 4430 834 4481 Abbot
846 4433 934 4499 Roger
947 4433 1128 4495 (12221244).

305 4514 314 4546 ¹
333 4515 454 4566 Ricardo.
1166 4513 1178 4547 ⁹
1197 4517 1266 4574 ane.
