2866 5002
149 491 279 554 xxxviii
466 502 755 555 INTRODUOTORY
771 501 969 554 OHAPTERS.

148 671 247 754 rising
270 670 471 751 community
487 668 522 730 in
544 667 600 731 the
622 667 701 731 time
725 667 759 730 61
783 665 930 730 William
953 665 1068 742 Rufus,
1091 665 1220 748 printed
1238 665 1274 748 by

148 768 308 852 Dugdale‚
330 767 394 832 and
424 766 555 831 derived
577 767 660 830 from
689 764 910 830 Dodsworth's
932 764 1037 841 MSS„
1062 764 1127 829 vol.
1153 769 1223 840 159,
1248 784 1274 846 p.

153 864 250 944 115¹2,l
266 888 349 950 copy
364 867 399 930 61
411 865 518 929 which
535 865 551 927 1
566 865 639 948 give
654 871 742 929 next.

192 968 347 1050 Tempore
369 964 506 1028 Will'mi
529 964 626 1046 Regis
648 963 828 1046 Anglorum
852 963 1000 1039 Secundi,
1015 962 1077 1026 filii
1091 963 1277 1028 Willihelmi

148 1064 260 1142 Nothi,
285 1065 380 1149 Regis
395 1063 585 1147 Anglorum‚
608 1069 719 1126 exorta
733 1069 783 1126 est
809 1062 1007 1126 Monasterio
1030 1061 1071 1126 de
1092 1062 1231 1145 Whitby
1250 1069 1278 1126 et

148 1163 273 1227 Serloni
299 1163 402 1227 Priori
428 1170 462 1226 et
488 1162 641 1224 fratribus
667 1160 811 1243 ejusdem
836 1159 900 1223 loci
922 1180 1038 1243 magna
1063 1160 1232 1224 tribulatio
1251 1167 1278 1224 et

148 1263 297 1345 angustia
324 1270 356 1326 61
385 1259 573 1345 persecutio
596 1259 706 1342 quales
730 1259 913 1322 habuerunt
934 1259 1028 1323 annis
1058 1260 1230 1324 transactis
1249 1259 1279 1322 in

149 1361 262 1426 diebus
278 1360 427 1424 Ranfridi
443 1358 563 1423 Prioris
578 1359 680 1422 nostri
702 1358 743 1422 de
757 1358 903 1441 Whitby.
948 1357 1133 1422 Veniebant
1148 1379 1279 1442 namque

148 1459 290 1523 latrones
306 1466 338 1524 61
361 1464 503 1541 raptores
519 1457 572 1521 die
595 1462 752 1539 nocteque
767 1456 807 1521 de
830 1457 1014 1520 nemoribus
1030 1463 1064 1520 et
1085 1457 1127 1520 de
1142 1457 1280 1521 latibulis

148 1561 183 1623 in
222 1561 340 1643 quibus
377 1559 561 1634 latitabant,
593 1564 626 1622 61
666 1557 868 1641 deripiebant
900 1578 1029 1622 omnem
1070 1559 1280 1622 substantiam

149 1679 258 1722 eorum
289 1667 321 1723 et
351 1658 591 1743 depopulabant
621 1677 696 1720 eum
725 1677 849 1721 sacrum
879 1657 993 1722 locum
1053 1657 1107 1721 Ita
1138 1657 1281 1722 similiter

147 1765 181 1823 61
204 1759 317 1842 piratae
339 1758 513 1823 veniebant
533 1762 566 1820 et
589 1756 804 1821 devastabant
827 1756 922 1820 illum
945 1756 1062 1833 locum,
1085 1757 1135 1822 ita
1155 1764 1194 1822 ut
1215 1757 1280 1820 nul·

147 1857 212 1922 lius
242 1859 485 1923 miserabantur.
539 1855 611 1932 Qua
640 1855 680 1919 de
710 1876 806 1919 causa
836 1855 924 1919 Serlo
954 1856 1044 1919 Prior
1074 1863 1107 1920 et
1137 1856 1281 1920 monachi

148 1956 188 2021 de
203 1958 340 2040 Whitby
353 1956 562 2020 ostenderunt
577 1953 779 2017 Willihelmo
794 1953 833 2017 de
848 1953 950 2037 Percy
962 1953 1182 2018 calamitatem
1196 1975 1281 2019 suam

148 2062 182 2119 et
196 2055 368 2131 miseriam,
383 2060 415 2117 et
429 2053 594 2135 petierunt
610 2072 684 2115 eum
698 2059 736 2115 ut
750 2052 842 2116 daret
857 2052 903 2116 eis
913 2052 1021 2116 locum
1034 2054 1191 2117 manendi
1202 2053 1281 2137 apud

148 2154 329 2216 Hackenas.
382 2151 484 2214 Dedit
506 2150 552 2214 eis
576 2150 743 2214 ecelesiam
759 2150 885 2214 Sanctae
907 2151 1021 2215 Mariae
1041 2151 1082 2216 de
1104 2152 1282 2229 Hackenas,

147 2258 186 2316 ut
208 2252 255 2314 ibi
277 2255 499 2314 construerent
520 2249 759 2326 monasterium,
775 2249 851 2332 quia
873 2249 908 2312 in
931 2250 1043 2314 eadem
1065 2251 1148 2315 villa
1170 2251 1281 2315 Sancta

148 2349 251 2413 Hilda
262 2348 436 2412 Abbatissa
452 2347 683 2411 monasterium
698 2356 928 2414 construxerat.
972 2349 1142 2414 0611666611
1153 2370 1228 2415 1616
1239 2350 1280 2413 616

146 2449 285 2513 libenter
299 2448 489 2531 petitionem
505 2468 625 2525 eorum,
640 2454 679 2511 ut
692 2468 771 2530 pace
787 2449 881 2527 facta,
897 2449 1015 2513 iterum
1030 2450 1071 2514 ad
1086 2450 1281 2514 Whitbeiam

146 2547 287 2612 redirent
302 2547 342 2610 ed
357 2546 547 2630 praedictum
563 2547 803 2613 monasterium.
849 2548 1023 2632 Coeperunt
1033 2549 1145 2632 itaque
1160 2569 1282 2614 monas·

145 2646 264 2709 terium
274 2653 458 2710 construere
474 2645 515 2708 ad
524 2645 711 2729 praedictam
725 2646 811 2710 Ecol.
823 2647 853 2711 S.
865 2647 988 2724 Mariae,
997 2656 1029 2712 61
1038 2649 1085 2713 ibi
1096 2649 1282 2733 aliquandiu

147 2751 379 2820 remanserunt,
410 2749 442 2807 et
471 2743 655 2828 religiosam
680 2743 774 2808 valde
798 2746 901 2809 vitam
928 2746 1100 2810 duxerunt.
1156 2748 1280 2813 Deinde

147 2851 258 2907 exorta
273 2843 433 2908 discordia
455 2843 597 2907 maxima
612 2843 697 2907 inter
711 2844 881 2926 praedictos
896 2846 977 2910 duos
992 2847 1106 2911 fratres
1122 2847 1280 2912 Willihel-

147 2963 236 3005 mum
254 2943 293 3006 de
309 2943 410 3026 Pcrcy
425 2949 458 3006 et
476 2942 642 3007 Serlonem
657 2942 788 3006 fratrem
804 2963 908 3020 suum,
924 2945 1067 3009 Priorem
1083 2946 1123 3010 de
1138 2947 1282 3030 Whitby,

147 3042 224 3126 quia
246 3042 468 3107 Willihelmus
492 3041 531 3106 de
554 3041 657 3125 Percy
678 3041 811 3106 dederat
833 3043 929 3108 villas
955 3044 995 3110 de
1023 3045 1161 3110 Staxbi²
1187 3054 1221 3111 et
1247 3048 1281 3112 de

183 3216 193 3249 ¹
211 3217 251 3268 At
267 3233 292 3282 p.
316 3219 380 3268 1261>
397 3216 425 3266 61
443 3215 489 3267 116
511 3231 584 3265 same
602 3213 706 3266 volume
724 3215 841 3266 1161616
859 3217 905 3267 the
923 3217 1061 3286 following
1078 3224 1143 3271 note
1157 3223 1285 3273 :—“Huc

147 3315 231 3363 usque
250 3315 265 3349 e
284 3297 485 3349 collectionibus
505 3296 537 3346 R¹
556 3296 694 3363 Gaseogne
713 3314 728 3348 6
749 3298 795 3349 lib.
815 3298 849 3349 de
867 3299 1032 3367 Whyteby.”
1076 3303 1133 3354 The
1154 3305 1285 3356 narrative

147 3381 254 3447 printed
273 3379 365 3441 above,
380 3379 454 3440 then,
469 3378 492 3428 is
510 3377 593 3428 taken
610 3377 678 3429 from
691 3397 707 3430 6
719 3381 790 3431 book
808 3398 838 3432 or
855 3382 939 3434 books
957 3383 1084 3450 formerly
1095 3385 1125 3436 in
1142 3389 1286 3453 possession

147 3465 175 3516 61
193 3464 239 3515 116
259 3462 412 3526 Gholmeley
424 3461 524 3526 family,
540 3461 590 3513 but
608 3478 642 3512 no
659 3467 733 3515 11666
751 3465 779 3515 61
795 3465 832 3516 116
851 3467 984 3518 existence
1001 3473 1031 3519 61
1048 3474 1210 3534 presentet
1225 3488 1287 3523 even

147 3545 276 3609 recently,
290 3543 313 3595 is
327 3547 356 3594 to
368 3544 402 3594 be
414 3547 470 3594 met
482 3542 556 3595 with.

183 3627 269 3678 ²The
290 3628 420 3693 marginal
441 3631 513 3687 11616,
534 3643 558 3692 p.
576 3629 635 3691 116,
654 3629 683 3679 in
704 3630 891 3683 Dodsworth’s
911 3632 983 3683 hand
1004 3637 1035 3684 16
1054 3635 1132 3688 these
1154 3639 1285 3691 nemesis

146 3715 162 3739 ‘⁴
173 3710 311 3763 Stachesbi
329 3712 408 3775 juxta
421 3709 538 3775 Whitby
551 3730 557 3760 :
577 3711 693 3777 Everley
704 3713 785 3778 juxta
798 3714 933 3777 Hacknes,
947 3717 1026 3784 vulgo
1043 3717 1151 3784 Erley.”
1190 3722 1223 3773 In
1236 3722 1283 3774 vol

149 3798 207 3856 118,
221 3792 239 3846 1.
255 3795 298 3858 87,
311 3795 441 3855 however,
457 3793 618 3844 Dodsworth
630 3796 705 3862 gives
717 3797 764 3847 the
777 3813 849 3848 same
860 3799 995 3850 narrative
1006 3799 1074 3851 with
1091 3801 1139 3853 the
1151 3803 1286 3873 following

147 3879 251 3944 preface
261 3882 325 3927 ι-“
336 3876 392 3928 0111
410 3877 438 3928 61
449 3876 552 3942 sundry
565 3880 643 3929 notes
656 3879 785 3946 touching
797 3881 978 3933 ffoundations
990 3883 1019 3933 61
1035 3883 1147 3950 Abbyes
1159 3888 1191 3938 in
1202 3889 1286 3940 Yorh·

146 3961 217 4012 shire
229 3960 283 4011 and
293 3961 370 4012 other
379 3961 468 4026 places
480 3960 508 4010 in
520 3960 568 4010 the
581 3962 706 4026 province
718 3963 745 4012 61
757 3963 856 4028 Yorke,
867 3965 953 4015 which
968 3967 981 4016 I
994 3966 1047 4017 had
1059 3967 1088 4018 61
1100 3968 1153 4021 Μ1.
1167 3971 1286 4038 Starchy,

146 4062 163 4095 a
174 4043 288 4110 diligent
300 4043 427 4095 Searcher
440 4043 468 4094 61
480 4042 655 4108 Antiquities,
666 4048 708 4096 611
720 4045 762 4096 his
774 4046 856 4098 house
869 4048 897 4098 in
910 4048 1096 4117 Bloomisbury
1109 4051 1139 4104 in
1150 4055 1199 4107 the
1208 4072 1286 4123 upper

147 4128 199 4178 end
217 4128 245 4178 of
263 4127 399 4179 Holborne
420 4129 452 4178 15
472 4123 530 4178 para
551 4126 645 4178 1621.”
682 4127 856 4196 “Touchinge
874 4131 922 4182 the
939 4132 1096 4184 foundation
1115 4137 1144 4187 of
1162 4136 1285 4203 Whittby

148 4208 249 4275 Abbay,
266 4211 345 4261 Ebor.
359 4210 488 4275 Tempore
500 4211 615 4262 Will’mi
631 4210 712 4278 Regis
721 4211 896 4278 ¹Anglorum,'’
908 4218 959 4266 ete.

183 4290 224 4340 Ou
236 4293 283 4342 the
295 4293 364 4343 back
377 4292 404 4342 61
416 4293 459 4343 his
471 4310 575 4360 copy—

185 4371 263 4423 “The
276 4375 350 4441 King
361 4375 384 4424 is
394 4375 506 4425 founder
516 4377 544 4427 61
556 4375 693 4440 Whittby,
704 4375 782 4427 Ebor.
814 4377 914 4444 copied
923 4378 960 4446 by
969 4387 1000 4445 y⁰
1008 4381 1103 4433 Abbot
1112 4383 1233 4438 Bensted
1242 4391 1284 4438 out

246 4455 368 4523 Register
379 4458 434 4507 and
448 4459 548 4525 orignal
560 4459 633 4510 afore
645 4458 760 4510 Thomas
779 4459 824 4511 Lo.
836 4460 924 4526 Daroy
935 4463 988 4513 and
1006 4479 1088 4531 many
1101 4467 1221 4534 others‚''
1233 4469 1280 4522 and

235 4553 243 4586 s
255 4555 323 4605 copy
333 4540 379 4590 the
392 4541 555 4604 place-name
567 4542 590 4593 is
603 4542 708 4608 Scaxby
720 4544 773 4594 and
785 4547 833 4595 not
845 4545 997 4612 Stachesby.
