2866 5002
143 549 204 605 312
228 546 231 551 ’
324 552 595 609 GARTULARIUM
616 551 820 602 ABBATHIAE
838 550 890 602 DE
909 552 1109 604 WHITEBY.

217 831 433 896 CCCLXXV.
455 830 542 893 Arm
557 843 741 892 convinne
756 842 817 890 sno
833 843 977 892 numnis
992 845 1042 891 nn
1058 830 1217 893 Foxuors.
1307 858 1309 867 ·

188 983 356 1046 Universis
373 983 402 1046 S.
415 982 460 1045 11.
474 979 624 1044 Ecclesiae
639 978 723 1055 filiis,
735 978 929 1061 adquorum
941 980 1106 1043 notitiam
1118 978 1271 1064 pervenerit

144 1083 211 1144 lucc
235 1083 402 1164 scripturo,
419 1080 592 1156 WolteruS,
614 1078 823 1162 permissione
845 1077 972 1154 divina,
995 1079 1099 1144 Ebor.
1117 1079 1271 1162 Archiepis

145 1201 253 1262 cepoe,
283 1181 410 1263 Angiim
441 1180 574 1255 PrimaS,
605 1199 629 1243 s.
659 1180 695 1241 in
728 1177 842 1241 salutis
873 1177 1038 1245 Auctore.
1102 1180 1272 1244 Benedictus

146 1282 277 1343 Creator
300 1287 332 1343 et
356 1281 452 1342 Pater
473 1278 673 1353 Altissimus,
688 1277 753 1361 qui,
776 1276 837 1340 etsi
859 1276 894 1338 in
919 1285 1138 1344 sacrosancta
1154 1278 1274 1344 Ecclesia

146 1379 367 1454 dissentiones,
379 1377 605 1441 concussiones
618 1385 651 1441 et
663 1377 768 1460 litigia
782 1376 822 1439 ad
834 1380 969 1458 tempus
979 1378 1025 1446 sd
1037 1380 1275 1463 experimentum

145 1480 311 1561 patientiae
326 1484 358 1541 et
373 1477 481 1541 meriti
496 1497 704 1560 personarum
719 1474 900 1559 permiserit
916 1477 1088 1556 suscitari,
1105 1500 1176 1543 eam
1188 1485 1275 1542 tanen

147 1578 392 1640 contentionum
404 1577 583 1659 dispendiis
596 1597 661 1638 non
676 1575 815 1638 sustinet
824 1574 876 1637 sui
886 1576 996 1658 gratia
1007 1577 1176 1661 dissipari.
1216 1578 1277 1640 cru

146 1677 306 1758 siquidem
321 1697 423 1758 nuper
438 1696 534 1757 super
546 1675 738 1758 quibusdem
754 1674 886 1738 decimis
898 1674 988 1738 infra
999 1675 1132 1742 limites
1143 1677 1276 1763 parochie

147 1776 288 1839 ecclosiae
304 1776 342 1839 de
359 1775 500 1838 Foxhols
516 1774 739 1850 existentibus,
754 1773 840 1837 inter
851 1772 990 1838 dilectos
1003 1775 1043 1838 in
1061 1777 1191 1842 Christo
1205 1776 1276 1849 filim,

147 1876 309 1938 Abbutem
333 1875 373 1938 (16
396 1875 534 1958 Whitby
550 1881 584 1937 et
606 1872 751 1955 ejusdem
772 1872 835 1935 loci
858 1872 972 1950 Conv„
991 1895 1036 1938 ex
1061 1883 1157 1959 parte
1179 1879 1277 1951 uuest

148 1976 267 2036 M’rum
284 1975 460 2037 Robertum
477 1974 516 2037 de
533 1974 722 2056 Fungefous,
735 1972 904 2035 Rectorem
920 1973 1075 2039 ecclesiae
1092 1976 1134 2040 de
1150 1974 1277 2045 Foxhols,

147 2082 263 2137 nostum
287 2075 455 2148 dioceseos,
471 2073 606 2136 materia
627 2071 717 2155 gravi
736 2076 769 2135 et
790 2072 883 2154 quasi
904 2071 1144 2157 inexplicabili
1165 2075 1276 2139 diutine

147 2175 344 2255 questionis,
367 2173 500 2237 tandem
522 2173 712 2256 disponente
735 2172 887 2248 Domino,
902 2178 936 2235 et
959 2175 1117 2256 pertibus
1133 2173 1276 2240 hincinde

148 2273 343 2336 ordinationi
356 2279 389 2336 et
404 2273 530 2336 decreto
546 2277 654 2336 nostro
670 2271 843 2335 summario
858 2291 892 2336 se
907 2279 1039 2355 sponte,
1055 2295 1141 2358 pure
1160 2282 1191 2340 et
1204 2275 1275 2338 absc

149 2372 226 2446 lutc,
250 2373 382 2454 penitus
414 2372 802 2448 submittentibus—Nos,
828 2371 864 2434 in
890 2373 1029 2438 nomine
1063 2376 1097 2441 S,
1120 2372 1273 2445 Trinitstis

150 2473 264 2547 Amen,
280 2472 466 2536 ordinemus
490 2478 522 2536 et
544 2472 716 2537 diffinitive
738 2471 955 2536 discernimus
980 2475 1045 2539 sub
1069 2476 1133 2541 hec
1154 2477 1273 2540 fonne-

149 2571 244 2635 videl.
260 2571 347 2654 quod
369 2577 564 2636 memoratus
580 2573 643 2635 M’r
666 2573 832 2649 Robertus,
855 2572 976 2637 Rector
996 2575 1146 2640 ecclesiae
1159 2577 1197 2640 de
1209 2575 1272 2638 Fos-

149 2670 230 2746 hois,
246 2670 285 2733 de
300 2675 486 2733 tenemento
498 2671 638 2734 Andrese
653 2671 692 2735 (16
704 2670 868 2754 Boithorp,
877 2672 968 2753 quod
979 2675 1134 2739 consistit
1143 2669 1269 2738 incroftis
1310 2654 1312 2675 ¹

150 2778 183 2837 et
198 2771 335 2836 culturis
351 2771 541 2853 subscriptis
557 2771 593 2833 in
608 2770 817 2835 Karterflette
840 2821 846 2835 .
869 2819 877 2834 .
901 2821 908 2835 .
1308 2692 1312 2861 1

195 2874 274 2956 [The
304 2874 465 2934 documcnt
495 2871 601 2934 breaks
630 2871 677 2954 off
700 2871 847 2953 abruptly
875 2871 955 2948 berc,
984 2879 1022 2936 at
1052 2875 1105 2939 clu
1128 2868 1269 2950 16116611

143 2969 708 3055 f.125,f125bbec'nyleftblank.
755 2970 1058 3053 ecclesistico
1081 2982 1134 3039 cut
1153 2968 1267 3048 cedcrd
1305 2896 1313 3029 i

150 3075 197 3135 tbc
219 3074 343 3155 papiop
361 3091 430 3151 pecs
456 3092 496 3133 oe
522 3074 582 3134 127
606 3092 646 3135 on
668 3072 716 3134 tbe
738 3077 817 3147 nect,
833 3071 934 3134 utet
955 3073 1038 3135 sciet
1052 3075 1086 3156 s.
1113 3080 1172 3138 128
1189 3068 1267 3150 islefl
1305 3050 1313 3171 Ι

150 3173 244 3234 blcrclc
258 3194 299 3235 on
322 3169 390 3232 hott
412 3170 497 3233 sides.
545 3169 592 3233 Oc
606 3171 637 3253 f.
656 3174 717 3233 129
740 3170 842 3252 decies
857 3169 908 3233 ste
921 3170 1099 3257 followinp
1120 3188 1266 3237 66660161(-

150 3272 308 3354 (1(((((.·-]

500 3455 736 3521 ccccxxvi.
761 3456 826 3540 <uo
841 3454 937 3539 ture)

195 3605 285 3687 (129)
311 3605 557 3667 Memorandum
576 3605 663 3687 quod
685 3605 724 3668 A.
745 3604 785 3667 D.
802 3603 978 3667 millesimo
996 3607 1196 3691 sexagesimo
1214 3621 1268 3683 scp-

151 3705 239 3780 timo,
251 3705 357 3786 Hug0,
374 3705 489 3767 Comes
506 3704 692 3779 Oestrensis
708 3710 741 3766 et
756 3702 941 3767 Willelmus
957 3703 1074 3787 Percy,
1090 3701 1271 3772 veneruntin

151 3804 302 3885 Angliom
315 3823 389 3865 cum
402 3804 486 3866 D’no
496 3803 672 3879 Willelmo,
681 3803 773 3867 Duce
783 3802 1057 3881 Normannorum,
1069 3805 1271 3890 Conquestore

150 3903 192 3963 Et
215 3902 300 3963 idem
316 3901 500 3965 Willelmus
525 3901 725 3985 Conquestor
747 3900 837 3965 dedit
858 3900 1015 3984 praedicto
1031 3902 1170 3988 Hngoni
1182 3901 1272 3968 villan

150 4001 189 4063 de
216 4001 403 4083 Whytteby,
431 4022 505 4064 eum
536 4001 685 4065 omnibus
712 4000 779 4064 suis
808 3999 969 4065 membris.
1016 4003 1061 4066 Et
1087 4004 1175 4069 idem
1197 4001 1273 4081 Hugo

150 4099 239 4161 (16(111
250 4099 345 4181 prsed.
361 4100 527 4164 Willelmo
543 4101 583 4165 de
606 4101 709 4183 Percy
724 4099 833 4163 omnia
853 4100 1013 4183 praedicte
1033 4107 1137 4168 terres
1157 4112 1189 4168 et
1204 4108 1272 4164 tene

150 4205 266 4273 mento,
282 4198 388 4261 sibiet
403 4199 477 4263 hier.
494 4199 570 4276 suis,
580 4199 628 4262 ita
642 4199 742 4263 libere
758 4203 791 4263 et
805 4199 914 4282 quiete
930 4199 1017 4264 sicut
1032 4202 1131 4284 praed
1147 4202 1234 4285 Hugc
1245 4214 1272 4257 0³

149 4296 263 4358 habuit
278 4318 318 4359 ex
334 4297 416 4360 dono
433 4299 537 4381 Regis.
584 4300 627 4362 Et
648 4299 744 4382 praed.
761 4297 948 4363 Willelmus
964 4298 1005 4363 de
1029 4302 1134 4386 Percy
1147 4293 1272 4365 fundant

147 4395 345 4459 Abbothium
375 4397 413 4460 de
444 4398 634 4482 Whytteby,
664 4404 696 4462 et
727 4398 817 4462 dedit
846 4398 943 4482 praed.
974 4399 1102 4480 villam,
1125 4422 1196 4466 cum
1220 4394 1272 4460 suis
1310 4432 1315 4505 4

148 4495 308 4570 membris,
320 4497 398 4572 Dec,
416 4496 444 4559 S.
463 4498 496 4560 P.
514 4502 545 4561 ct
561 4497 590 4560 S.
609 4496 727 4579 Hyldae
744 4497 783 4561 de
795 4496 989 4583 Whytteby,
1003 4507 1039 4566 et
1054 4499 1186 4576 Serloni,
1198 4489 1269 4560 fratri
