2910 5002
160 540 221 602 278
339 548 612 601 GARTULARIUM
629 546 835 600 ABBATHIAE
853 546 902 598 DE
919 546 1111 600 wffl'rnsu.

157 716 257 780 Oonv.
274 713 313 779 (16
329 712 593 797 Ooningesheved
608 711 794 795 praedictam
816 713 984 777 ecclesiam
998 712 1040 777 (16
1054 711 1200 777 Ovcrton
1220 711 1294 775 alias

158 816 305 897 Overyge
319 812 543 897 parochialem,
558 832 633 876 cum
648 811 797 876 omnibns
815 813 883 877 suis
894 811 1024 896 juribus
1039 817 1073 876 et
1086 810 1294 895 pertinentiis,

156 914 193 976 in
204 912 349 996 proprios
358 931 435 975 usus
447 910 588 974 habeant
599 914 632 974 et
642 915 776 975 teneant
789 909 1037 995 imperpetuum,
1047 931 1178 975 necnon
1192 929 1294 975 omnes

159 1012 308 1087 decimas,
319 1017 388 1074 tam
402 1010 538 1092 majores
550 1029 648 1092 quam
663 1008 811 1087 minores,
823 1010 864 1075 de
875 1010 962 1075 villis
978 1009 1046 1093 [de]
1062 1010 1209 1074 Overton
1223 1001 1310 1072 61166

160 1106 705 1192 0666636,Βος6616116,Κ61(1111116,
718 1109 987 1193 Samnebygynge,
996 1109 1188 1186 Reisebeke,
1199 1109 1296 1190 Lang-

159 1208 221 1284 dal,
235 1207 361 1290 Tilbay,
376 1206 637 1283 Rennestwathe,
653 1206 870 1290 Scalesparke,
884 1207 1051 1292 Ellergillc
1064 1213 1099 1271 et
1114 1206 1296 1291 Gassegille,

159 1327 195 1370 66
207 1307 247 1371 (16
257 1293 360 1382 terris,
372 1306 503 1387 campis,
513 1306 777 1389 possessionibus,
789 1305 934 1383 culturis,
944 1306 1048 1383 rebus,
1059 1306 1257 1370 animalibus
1267 1310 1297 1369 et

158 1405 302 1488 personia
312 1404 486 1469 earundem
493 1403 646 1468 villarum
656 1404 895 1488 imperpetuum
905 1405 1102 1489 possideant,
1110 1404 1297 1488 percipiant,

158 1509 191 1568 et
207 1504 246 1568 (16
261 1504 306 1568 616
321 1523 379 1586 pro
394 1523 460 1567 suae
474 1502 568 1567 libito
583 1503 761 1568 voluntatis
776 1503 951 1587 disponant
964 1504 1106 1587 pacifice,
1120 1505 1254 1589 integre,
1267 1509 1296 1567 et

158 1601 1296 1687 irrefragabiter,jure,clamio,actione,petitione,prosecutione‚querela,

159 1701 316 1765 demanda
327 1706 384 1765 aut
394 1701 646 1765 contradictione
656 1701 815 1766 dictorum
823 1701 962 1766 Abbatis
971 1706 1004 1766 61
1014 1702 1115 1767 Oonv.
1125 1702 1167 1767 (16
1175 1701 1294 1766 While

158 1801 202 1882 by
212 1800 468 1882 quibuscunque,
477 1820 627 1864 eorumve
637 1821 864 1878 successorum,
873 1806 1155 1884 supermemorata
1166 1799 1295 1866 66616616

158 1899 198 1963 de
210 1900 352 1964 Overton
364 1900 442 1963 alias
455 1900 609 1984 Overyge,
621 1905 677 1964 aut
688 1900 874 1965 memoratis
886 1900 1030 1978 decimis,
1039 1899 1096 1965 vel
1106 1919 1294 1984 quacunque

158 2003 248 2082 parte
263 1999 443 2076 earundem,
459 2019 663 2082 nequaquam
678 1999 804 2063 obstare
818 1999 1001 2063 valentibus
1016 2019 1127 2082 noque
1141 1998 1293 2082 imperpe-

158 2104 252 2161 tuum
260 2098 422 2178 valituris3
435 2098 663 2182 quodquidem
671 2097 782 2162 Abbas
791 2097 1146 2182 610666161111116161
1154 2098 1293 2182 pmdicti

158 2197 285 2278 scripta,
301 2197 488 2273 evidentias,
502 2204 712 2261 monumenta
734 2196 843 2261 omnia
864 2203 898 2262 et
918 2197 1047 2281 singula
1069 2198 1161 2282 (107)
1177 2198 1292 2264 dictam

159 2295 326 2359 ecclesiam
341 2295 381 2359 (16
392 2297 534 2360 Overton
549 2295 629 2359 alias
645 2296 799 2379 Overyge,
814 2303 871 2361 aut
886 2297 1025 2361 decimes
1039 2298 1293 2380 praescriptarum

158 2393 310 2457 villarum
324 2397 454 2456 tantum
469 2395 643 2476 tangentia,
658 2415 730 2478 quae
741 2415 839 2478 penes
854 2415 909 2461 eos
918 2395 1060 2460 resident
1074 2395 1130 2462 vel
1144 2396 1295 2472 existunt,

156 2491 299 2575 praefatis
315 2491 418 2554 Priori
440 2496 473 2555 et
496 2492 594 2557 Conv.
618 2493 658 2557 de
681 2493 904 2576 Coniugeshed
924 2495 1009 2559 bona
1030 2494 1095 2560 fide
1115 2495 1294 2571 restituant,

155 2590 315 2656 liberent¹
345 2591 414 2655 sive
443 2590 587 2668 reddent,
613 2613 685 2675 quae
715 2593 822 2658 omnia
852 2599 885 2658 et
913 2593 1049 2678 singule,
1075 2594 1183 2678 quoad
1212 2595 1294 2679 ipsos

146 2661 320 2756 Dibatem
342 2697 375 2756 et
397 2691 495 2757 Oonv.
520 2691 560 2756 (16
575 2692 739 2775 Whiteby‚
762 2714 871 2758 eorum
893 2693 1107 2773 commodum,
1120 2694 1294 2759 utilitatem

157 2797 189 2856 et
211 2793 400 2876 profectum,
415 2812 455 2855 ex
477 2811 564 2855 nunc
586 2811 644 2874 per
665 2792 910 2870 ordinationem,
923 2793 1066 2870 landum,
1081 2793 1151 2858 sive
1173 2793 1294 2859 dictum

157 2900 304 2957 nostrum
326 2913 437 2969 vacua,
461 2912 551 2956 cassa
577 2897 610 2957 et
635 2891 759 2957 6611166
785 2893 942 2957 momenti
968 2892 1120 2969 existent,
1144 2893 1295 2976 omnique

156 3000 287 3057 careant
311 2992 422 3056 robore
448 2990 653 3056 infimitatis.
698 2992 742 3056 Et
765 2992 995 3056 nichilominus
1019 2991 1109 3057 idem
1132 2991 1245 3058 Abbes
1265 2998 1296 3058 et

157 3092 255 3156 Oonv.
279 3092 318 3155 de
341 3091 504 3174 Whiteby‚
529 3111 587 3174 per
616 3110 691 3155 sues
720 3091 847 3156 litteras
876 3097 1033 3175 patentes,
1057 3111 1170 3156 eorrrm
1191 3091 1295 3177 sigillo

157 3191 321 3255 communi
335 3191 485 3273 signatas,
499 3189 661 3273 praedictis
683 3190 787 3255 Priori
801 3197 834 3255 et
857 3191 956 3255 Oonv.
972 3190 1012 3255 de
1033 3189 1296 3274 Coniugesheved

155 3289 347 3365 liberandas,
361 3290 557 3365 renuntient,
579 3309 636 3372 pro
660 3309 702 3366 66,
718 3296 751 3353 61
772 3290 1007 3355 successoribus
1029 3289 1097 3354 6616
1118 3294 1154 3354 61
1174 3289 1296 3355 Mon’io

157 3409 215 3453 suo
237 3389 483 3471 imperpetuum,
498 3389 648 3453 omnibus
671 3389 860 3467 actionibus,
875 3388 1094 3472 petitionibus,
1107 3388 1295 3473 inquietati·

157 3487 281 3563 onibus,
294 3488 580 3568 prosecutionibus,
597 3488 735 3571 querelis
751 3492 784 3552 et
799 3488 934 3565 clamiis,
949 3508 986 3553 66
1000 3487 1152 3552 omnibns
1167 3488 1250 3573 juris
1265 3493 1296 3552 et

155 3585 235 3649 facti
243 3584 393 3648 remediis
405 3585 484 3667 ipsis
495 3587 762 3670 qualitercunque
772 3585 1295 3670 competentibusadsaepedictam

155 3684 322 3751 ecclesiam
338 3684 377 3747 (16
393 3683 534 3748 Overton
549 3686 628 3749 alias
645 3687 800 3771 Overyge,
811 3686 866 3751 vel
879 3686 921 3751 ad
935 3685 1075 3750 decimes
1087 3686 1295 3770 supradictas,

155 3785 207 3849 vel
230 3804 339 3848 aarum
364 3790 489 3865 partem
511 3785 662 3868 aliquam,
685 3807 760 3849 cum
782 3786 850 3850 suis
872 3785 1001 3869 juribus
1023 3789 1056 3849 et
1081 3784 1296 3868 pertiuentiis,

155 3885 207 3948 vel
229 3883 264 3946 in
286 3882 365 3966 ipsis
388 3888 444 3946 aut
467 3883 575 3966 aliqua
600 3890 691 3968 parte
714 3905 832 3962 earum,
854 3904 912 3948 666
934 3883 1109 3949 earundem
1130 3885 1296 3949 occasione

155 3985 429 4069 qualitercunque,
441 4004 477 4047 ac
493 3984 676 4067 specialiter
689 3984 845 4049 beneficio
855 3982 1069 4048 restitutionis
1078 3983 1115 4047 in
1125 3982 1296 4068 integrum,

155 4104 191 4147 ac
206 4082 273 4146 illis
288 4081 406 4145 litteris
428 4082 621 4165 apostolicis,
636 4104 674 4147 ea
688 4103 761 4166 quae
775 4083 816 4147 de
837 4082 930 4146 bonis
944 4082 981 4146 in
995 4081 1111 4165 majori
1123 4082 1231 4147 forme
1245 4082 1294 4147 vel

154 4182 279 4257 minori,
301 4201 338 4245 ac
360 4180 510 4245 omnibus
536 4182 608 4246 aliis
634 4182 752 4246 litteris
775 4178 982 4266 apostolicis,²
1003 4182 1294 4264 impetrationibus,

154 4280 433 4363 appellationibus,
455 4285 488 4342 et
510 4280 582 4343 aliis
604 4281 754 4345 remediis
776 4282 1032 4365 quibuscunque,
1046 4300 1120 4364 quae
1141 4287 1296 4366 poterunt

153 4378 336 4442 memoratis
359 4379 479 4442 Abbati
505 4383 538 4441 et
563 4379 661 4444 Conv.
687 4380 726 4444 de
749 4381 916 4464 Whiteby‚
939 4380 1023 4445 circa
1043 4380 1223 4465 praemissa,
1245 4380 1295 4447 vel

367 4500 377 4534 ¹
397 4503 510 4553 liberant.
877 4503 1077 4570 wapentac
