2910 5002
265 507 325 564 258
448 512 719 567 caanLARIUM
738 511 941 563 ABBATHIAE
959 510 1009 562 DE
1025 510 1216 563 wmrnsv.

262 679 405 764 presenti
416 699 512 742 causa
523 698 597 741 oum
611 678 644 760 (9
648 674 693 759 3¹³)
707 676 863 740 instantia
874 696 931 758 per
941 694 1000 740 nos
1015 676 1091 740 ferri
1102 676 1345 759 postulantibus
1353 701 1398 755 3-

263 781 341 855 Nos,
365 777 640 860 Oom[m]issarius
664 775 855 851 antedictus,
876 774 1001 838 rimatis
1024 774 1129 858 ipsius
1155 796 1263 840 oausae
1284 776 1400 840 meritis

264 884 297 943 et
334 877 376 941 ad
411 877 547 959 plenum
585 875 747 950 discussis,
777 874 817 938 de
854 873 990 937 oonsilio
1022 874 1287 958 jurisperitorum
1316 876 1402 939 nobis

263 975 494 1050 assistentium,
516 974 666 1036 invocata
697 972 836 1055 Spiritus
868 971 978 1036 Sancti
1006 973 1117 1056 gratia,
1140 973 1182 1037 ad
1212 974 1402 1038 sententiam

264 1074 470 1138 diffinitivam
485 1073 520 1134 in
536 1092 632 1135 causa
653 1072 807 1154 praediota
828 1071 1029 1154 procedimus
1051 1072 1087 1135 in
1107 1071 1199 1136 hunc
1213 1073 1403 1137 modum:-

266 1174 350 1250 Quia
359 1173 541 1236 invenimus
551 1170 671 1234 dictam
681 1176 805 1252 partem
814 1170 964 1234 actricem
973 1171 1187 1236 intentionem
1197 1192 1293 1236 suam
1304 1193 1404 1236 coram

264 1273 357 1336 nobis
379 1271 414 1333 in
433 1269 555 1353 judicio
579 1269 758 1346 deductam,
774 1276 842 1332 tam
863 1289 920 1351 per
941 1269 1175 1333 confessionem
1191 1271 1290 1335 diotae
1311 1272 1405 1354 partis

264 1393 335 1448 reae,
350 1390 447 1454 quarn
461 1390 519 1452 per
533 1369 597 1432 alia
612 1368 806 1433 documenta
819 1368 964 1452 legitima
979 1389 1086 1432 coram
1100 1369 1195 1433 nobis
1214 1370 1407 1453 judicialiter

266 1469 419 1545 exhibita,
446 1467 642 1531 sufficienter
670 1466 866 1549 probavisse,
891 1467 1060 1548 praefatum
1087 1466 1199 1530 d’num
1228 1468 1408 1543 Robertum,

267 1569 433 1632 Vicarium
456 1567 599 1631 ecclesiae
624 1565 664 1629 de
686 1567 805 1642 Somou
823 1572 948 1649 partem
969 1585 1055 1630 ream
1078 1566 1114 1629 in
1136 1569 1291 1649 prasenti
1312 1589 1409 1643 causa,

266 1670 301 1732 in
331 1689 468 1752 persona
496 1666 710 1750 procuratoris
740 1665 792 1729 sui
829 1665 1006 1747 supradicti
1035 1666 1076 1730 ad
1108 1668 1352 1750 agnoscendum
1379 1673 1408 1730 et

267 1766 480 1843 subeundum,
504 1765 634 1828 nomine
662 1765 760 1827 dictae
788 1764 916 1828 vicariae
946 1765 1148 1847 supradictas,
1174 1766 1288 1830 omnia
1317 1787 1405 1830 onera

266 1868 424 1931 ordinaria
447 1867 541 1929 diotae
564 1865 706 1929 ecclesiae
736 1871 768 1927 et
795 1865 868 1947 jura
890 1864 1083 1947 episcopalia
1104 1866 1146 1929 ab
1168 1865 1283 1930 eadem
1306 1866 1404 1949 quali-

265 1972 441 2049 tercunque
464 1966 581 2041 debita,
601 1970 633 2028 et
655 1965 691 2026 in
712 1964 857 2026 futurum
880 1963 1045 2047 exigenda,
1067 1970 1100 2029 et
1124 1965 1307 2048 prasertim
1329 1985 1404 2029 onus

266 2065 436 2129 solutionis
452 2065 588 2128 subsidii
603 2064 642 2128 de
658 2084 721 2146 quo
736 2064 772 2127 in
786 2063 938 2146 praedicto
952 2063 1064 2128 libello
1078 2071 1286 2143 memoratur,
1296 2073 1404 2148 utpote

262 2166 317 2247 jus
347 2165 544 2228 ordinarium
574 2169 606 2226 et
636 2163 816 2246 episcopale
846 2162 988 2226 eoolesiae
1016 2164 1178 2246 praediotae
1207 2164 1405 2240 incumbens,

264 2264 372 2346 vigore
395 2264 488 2327 dictae
511 2264 639 2326 vicariae
665 2284 732 2326 suaa
754 2268 786 2326 et
809 2262 1018 2327 ordinationis
1041 2264 1197 2346 ejusdem,
1220 2286 1259 2329 aa
1280 2265 1324 2329 ad
1344 2286 1403 2330 ser-

266 2363 388 2427 vandos
410 2363 506 2445 praed.
530 2362 707 2445 Religiosos
723 2363 817 2439 viros,
831 2363 993 2426 Abbatem
1016 2371 1048 2427 et
1072 2364 1170 2429 Oonv.
1187 2365 1229 2430 da
1243 2365 1404 2447 Whiteby,

265 2464 427 2526 immunes
450 2483 468 2525 a
491 2462 743 2544 supportatione,
757 2464 961 2545 praestatione
984 2470 1017 2528 et
1038 2463 1199 2529 solutione
1222 2464 1404 2548 hujusmodi

266 2581 408 2637 onerum,
422 2567 455 2624 et
471 2560 651 2623 subsidium
674 2561 845 2624 efficaciter
859 2562 1026 2625 astrictum
1049 2568 1081 2626 et
1103 2564 1285 2648 obligatum
1302 2565 1403 2639 fuisse,

266 2668 299 2725 et
321 2681 390 2724 esse
413 2660 526 2724 debere
550 2681 590 2723 ex
613 2681 699 2724 nunc
713 2661 749 2723 in
764 2661 920 2738 futurum,
935 2681 972 2726 ac
992 2662 1033 2725 ad
1056 2663 1263 2742 solutionem,
1277 2669 1403 2748 prosata·

266 2762 389 2824 tionem
417 2759 604 2842 hujusmodi
634 2760 771 2822 subsidii
800 2761 1059 2844 compellendum
1087 2763 1156 2827 fora
1184 2769 1221 2828 et
1249 2764 1403 2848 compelli,

266 2861 487 2942 dictorumque
514 2880 648 2923 onerum
674 2866 707 2923 et
729 2860 898 2925 solutionis
925 2862 1062 2925 subsidii
1083 2863 1234 2945 praedioti
1259 2885 1352 2941 onus,
1371 2884 1404 2927 ac

267 2959 540 3042 supportationem
567 2964 599 3021 ct
625 2959 823 3041 agnitionem
848 2960 889 3022 ad
915 2960 1055 3024 eundem
1081 2961 1193 3024 d’num
1223 2962 1404 3037 Robertum,

267 3058 441 3135 Vicarium‚
457 3063 489 3121 et
512 3057 664 3121 vicariam
686 3059 854 3140 pertinere,
869 3065 903 3123 at
924 3060 1084 3142 pertinere
1101 3060 1225 3139 debere,
1242 3062 1406 3146 dictosque

268 3157 446 3240 Religiosos
469 3157 509 3220 ab
531 3157 652 3220 eisdem
670 3157 820 3220 oneribus
843 3163 876 3221 et
898 3159 1034 3222 subsidii
1055 3159 1216 3224 solutione
1239 3161 1360 3227 liberos
1379 3169 1408 3225 et

266 3255 428 3319 immunes
452 3275 528 3332 esse,
550 3256 805 3338 pronuntiamus,
829 3256 1030 3321 decernimus
1060 3264 1093 3322 et
1114 3258 1319 3325 declaramus
1340 3282 1407 3327 sen-

267 3354 444 3417 tentialiter
474 3360 506 3417 et
536 3354 708 3418 diffinitive
744 3355 779 3417 in
816 3355 880 3419 hiis
917 3357 1054 3439 scriptis,
1083 3357 1406 3442 condempnationem

268 3471 483 3533 expensarum
520 3473 560 3516 ex
597 3454 702 3516 causis
739 3453 893 3537 legitimis
931 3456 1124 3521 omittentes.
1191 3457 1236 3521 Iu
1272 3479 1406 3542 quornm

268 3550 413 3614 omnium
428 3551 649 3615 testimonium
664 3553 768 3635 abque
783 3553 881 3617 fidem
895 3554 951 3638 sig.
967 3554 1064 3618 officii
1077 3556 1181 3619 nostri
1194 3561 1406 3640 praesautibus

268 3649 483 3732 apposuimus.
528 3651 653 3714 Datum
675 3652 810 3716 Eboraci
833 3654 939 3736 quoad
961 3654 1178 3738 signationem
1198 3661 1406 3740 praesentium

268 3755 360 3812 sexto
376 3748 427 3814 die
444 3750 562 3813 mensis
576 3751 775 3828 Decembris,
790 3752 830 3817 A.
846 3753 886 3816 D.
903 3754 1096 3837 supradicto.

269 3924 412 3989 OOOXI.
435 3925 638 3988 Exrncrunr
668 3941 774 3989 cnara
803 3927 1037 3991 Errscoroaun
1066 3944 1107 3991 ar
1127 3927 1406 4018 Asomn1[a]oor·

355 4040 447 4086 onon
477 4025 745 4088 Esoancarsrun.
814 4027 989 4091 Iuorrrurvr
1019 4043 1208 4093 carrusa
1240 4030 1406 4099 crossnu

354 4123 620 4187 Ravnnswnnrn.

312 4245 480 4310 Universis
504 4247 534 4310 S.
559 4247 603 4310 M.
628 4247 780 4311 Ecclesiae
806 4247 890 4325 filiis,
912 4269 944 4332 p.
966 4249 1090 4314 litteras
1113 4250 1180 4333 (94)
1206 4250 1405 4337 inspecturis,

267 4344 289 4405 J
291 4343 455 4422 ohannes,1
470 4366 500 4427 p.
517 4345 545 4409 d.
562 4351 594 4409 et
608 4347 804 4428 Apostolioae
821 4348 913 4412 Sedis
932 4349 1043 4432 gratia,
1058 4350 1157 4433 Ep’us
1173 4350 1405 4429 Karliolenais,²

303 4453 312 4486 ¹
330 4456 401 4505 John
415 4456 442 4505 oi
455 4455 528 4518 Roas,
543 4456 630 4507 Canon
646 4458 674 4508 ol
686 4458 824 4520 Herelord,
842 4461 962 4512 1325-32.
1212 4460 1225 4495 ²
1244 4464 1372 4519 Kurlioa’.
