<?xml version="1.0" encoding="UTF-8"?>
<!DOCTYPE html PUBLIC "-//W3C//DTD XHTML 1.0 Transitional//EN"
    "http://www.w3.org/TR/xhtml1/DTD/xhtml1-transitional.dtd">
<html xmlns="http://www.w3.org/1999/xhtml" xml:lang="en" lang="en">
 <head>
  <title>
</title>
<meta http-equiv="Content-Type" content="text/html;charset=utf-8" />
  <meta name='ocr-system' content='tesseract 3.04.00' />
  <meta name='ocr-capabilities' content='ocr_page ocr_carea ocr_par ocr_line ocrx_word'/>
</head>
<body>
  <div class='ocr_page' id='page_1' title='image "./cartulariumabba01abbegoog_0160.png"; bbox 0 0 2866 5002; ppageno 0'>
   <div class='ocr_carea' id='block_1_1' title="bbox 295 525 1244 594">
    <p class='ocr_par' dir='ltr' id='par_1_1' title="bbox 295 525 1244 594">
     <span class='ocr_line' id='line_1_1' title="bbox 295 525 1244 594; baseline 0.013 -12"><span class='ocrx_word' id='word_1_1' title='bbox 295 525 335 583; x_wconf 87' lang='grc'>60</span> <span class='ocrx_word' id='word_1_2' title='bbox 476 535 746 590; x_wconf 73' lang='lat' dir='ltr'>eassuanmun</span> <span class='ocrx_word' id='word_1_3' title='bbox 765 535 968 589; x_wconf 82' lang='lat' dir='ltr'><strong>ABBATHIAE</strong></span> <span class='ocrx_word' id='word_1_4' title='bbox 986 537 1035 590; x_wconf 81' lang='lat' dir='ltr'>DE</span> <span class='ocrx_word' id='word_1_5' title='bbox 1052 537 1244 594; x_wconf 36' lang='lat' dir='ltr'>wulstanus</span> 
     </span>
    </p>
   </div>
   <div class='ocr_carea' id='block_1_2' title="bbox 125 688 1408 880">
    <p class='ocr_par' dir='ltr' id='par_1_2' title="bbox 125 688 1408 880">
     <span class='ocr_line' id='line_1_2' title="bbox 125 688 1407 780; baseline 0.01 -23"><span class='ocrx_word' id='word_1_6' title='bbox 125 713 257 780; x_wconf 63' lang='lat' dir='ltr'>carucatas,</span> <span class='ocrx_word' id='word_1_7' title='bbox 294 701 334 763; x_wconf 92' lang='lat' dir='ltr'>de</span> <span class='ocrx_word' id='word_1_8' title='bbox 364 701 453 764; x_wconf 90' lang='lat' dir='ltr'>omni</span> <span class='ocrx_word' id='word_1_9' title='bbox 482 701 613 765; x_wconf 88' lang='lat' dir='ltr'>servitio</span> <span class='ocrx_word' id='word_1_10' title='bbox 644 709 677 765; x_wconf 91' lang='lat' dir='ltr'>et</span> <span class='ocrx_word' id='word_1_11' title='bbox 706 703 941 766; x_wconf 91' lang='lat' dir='ltr'>consuetudine</span> <span class='ocrx_word' id='word_1_12' title='bbox 970 688 1122 769; x_wconf 77' lang='lat' dir='ltr'>saeculari.</span> <span class='ocrx_word' id='word_1_13' title='bbox 1177 707 1255 771; x_wconf 91' lang='lat' dir='ltr'>Hiis</span> <span class='ocrx_word' id='word_1_14' title='bbox 1285 706 1407 772; x_wconf 87' lang='lat' dir='ltr'>testibus.</span> 
     </span>
     <span class='ocr_line' id='line_1_3' title="bbox 126 784 1408 880; baseline 0.005 -20"><span class='ocrx_word' id='word_1_15' title='bbox 126 784 219 876; x_wconf 44' lang='lat' dir='ltr'>⁰025,ssss</span> <span class='ocrx_word' id='word_1_16' title='bbox 233 799 459 875; x_wconf 52' lang='grc' dir='ltr'>ιιι6111116166</span> <span class='ocrx_word' id='word_1_17' title='bbox 497 801 536 863; x_wconf 88' lang='grc'>16</span> <span class='ocrx_word' id='word_1_18' title='bbox 569 801 670 876; x_wconf 90' lang='lat' dir='ltr'>Perci,</span> <span class='ocrx_word' id='word_1_19' title='bbox 700 807 733 865; x_wconf 91' lang='lat' dir='ltr'>et</span> <span class='ocrx_word' id='word_1_20' title='bbox 770 801 912 865; x_wconf 89' lang='lat' dir='ltr'>Henrioo</span> <span class='ocrx_word' id='word_1_21' title='bbox 942 802 981 866; x_wconf 93' lang='lat' dir='ltr'>de</span> <span class='ocrx_word' id='word_1_22' title='bbox 1020 803 1120 880; x_wconf 88' lang='lat' dir='ltr'>Perci,</span> <span class='ocrx_word' id='word_1_23' title='bbox 1150 805 1305 870; x_wconf 83' lang='lat' dir='ltr'>fratribus</span> <span class='ocrx_word' id='word_1_24' title='bbox 1340 807 1408 870; x_wconf 90' lang='lat' dir='ltr'>meis.</span> 
     </span>
    </p>
   </div>
   <div class='ocr_carea' id='block_1_3' title="bbox 125 887 740 994">
    <p class='ocr_par' dir='ltr' id='par_1_3' title="bbox 125 887 740 994">
     <span class='ocr_line' id='line_1_4' title="bbox 125 887 740 994; baseline 0.016 -42"><span class='ocrx_word' id='word_1_25' title='bbox 125 887 245 994; x_wconf 49' lang='lat' dir='ltr'>mill</span> <span class='ocrx_word' id='word_1_26' title='bbox 256 889 281 935; x_wconf 57' lang='lat'>1¹¹</span> <span class='ocrx_word' id='word_1_27' title='bbox 294 899 423 962; x_wconf 88' lang='lat' dir='ltr'>Pichot¹</span> <span class='ocrx_word' id='word_1_28' title='bbox 441 899 480 963; x_wconf 94' lang='lat' dir='ltr'>de</span> <span class='ocrx_word' id='word_1_29' title='bbox 496 900 594 976; x_wconf 90' lang='lat' dir='ltr'>Perci,</span> <span class='ocrx_word' id='word_1_30' title='bbox 610 906 643 962; x_wconf 91' lang='lat' dir='ltr'>et</span> <span class='ocrx_word' id='word_1_31' title='bbox 659 898 740 962; x_wconf 90' lang='lat' dir='ltr'>aliis.</span> 
     </span>
    </p>
   </div>
   <div class='ocr_carea' id='block_1_4' title="bbox 429 1118 1298 1188">
    <p class='ocr_par' dir='ltr' id='par_1_4' title="bbox 429 1118 1298 1188">
     <span class='ocr_line' id='line_1_5' title="bbox 429 1118 1298 1188; baseline 0.006 -5"><span class='ocrx_word' id='word_1_32' title='bbox 429 1118 496 1184; x_wconf 85' lang='lat' dir='ltr'>LX.</span> <span class='ocrx_word' id='word_1_33' title='bbox 521 1122 750 1186; x_wconf 78' lang='lat' dir='ltr'>Counsuarro</span> <span class='ocrx_word' id='word_1_34' title='bbox 767 1120 914 1186; x_wconf 85' lang='lat' dir='ltr'>Hruaror</span> <span class='ocrx_word' id='word_1_35' title='bbox 930 1136 974 1185; x_wconf 86' lang='grc'>66</span> <span class='ocrx_word' id='word_1_36' title='bbox 989 1122 1092 1186; x_wconf 83' lang='lat' dir='ltr'>Praor</span> <span class='ocrx_word' id='word_1_37' title='bbox 1107 1137 1151 1186; x_wconf 85' lang='grc'>66</span> <span class='ocrx_word' id='word_1_38' title='bbox 1165 1139 1298 1188; x_wconf 77' lang='grc'>616666.</span> 
     </span>
    </p>
   </div>
   <div class='ocr_carea' id='block_1_5' title="bbox 126 1261 1409 1351">
    <p class='ocr_par' dir='ltr' id='par_1_5' title="bbox 126 1261 1409 1351">
     <span class='ocr_line' id='line_1_6' title="bbox 126 1261 1409 1351; baseline 0.006 -23"><span class='ocrx_word' id='word_1_39' title='bbox 126 1281 251 1342; x_wconf 75' lang='lat' dir='ltr'>fleuryde</span> <span class='ocrx_word' id='word_1_40' title='bbox 337 1261 430 1335; x_wconf 85' lang='lat' dir='ltr'>Omn.</span> <span class='ocrx_word' id='word_1_41' title='bbox 454 1270 529 1335; x_wconf 91' lang='lat' dir='ltr'>filiis</span> <span class='ocrx_word' id='word_1_42' title='bbox 555 1270 585 1336; x_wconf 91' lang='lat' dir='ltr'>S.</span> <span class='ocrx_word' id='word_1_43' title='bbox 608 1271 654 1337; x_wconf 89' lang='lat' dir='ltr'>M.</span> <span class='ocrx_word' id='word_1_44' title='bbox 679 1269 841 1349; x_wconf 77' lang='lat' dir='ltr'>Ecclesiae,</span> <span class='ocrx_word' id='word_1_45' title='bbox 864 1271 1027 1336; x_wconf 89' lang='lat' dir='ltr'>Henricus</span> <span class='ocrx_word' id='word_1_46' title='bbox 1050 1272 1090 1336; x_wconf 92' lang='lat' dir='ltr'>de</span> <span class='ocrx_word' id='word_1_47' title='bbox 1117 1272 1218 1351; x_wconf 89' lang='lat' dir='ltr'>Perci,</span> <span class='ocrx_word' id='word_1_48' title='bbox 1239 1275 1275 1337; x_wconf 93' lang='lat' dir='ltr'>in</span> <span class='ocrx_word' id='word_1_49' title='bbox 1302 1273 1409 1339; x_wconf 85' lang='lat' dir='ltr'>Christo</span> 
     </span>
    </p>
   </div>
   <div class='ocr_carea' id='block_1_6' title="bbox 125 1344 1409 1451">
    <p class='ocr_par' dir='ltr' id='par_1_6' title="bbox 125 1344 1409 1451">
     <span class='ocr_line' id='line_1_7' title="bbox 125 1344 1409 1451; baseline 0.004 -20"><span class='ocrx_word' id='word_1_50' title='bbox 125 1344 237 1448; x_wconf 53' lang='grc' dir='ltr'>ξξζξζω,</span> <span class='ocrx_word' id='word_1_51' title='bbox 292 1368 439 1434; x_wconf 81' lang='lat' dir='ltr'>salutem,</span> <span class='ocrx_word' id='word_1_52' title='bbox 486 1371 610 1435; x_wconf 89' lang='lat' dir='ltr'>Notum</span> <span class='ocrx_word' id='word_1_53' title='bbox 625 1372 669 1435; x_wconf 88' lang='lat' dir='ltr'>sit</span> <span class='ocrx_word' id='word_1_54' title='bbox 683 1373 775 1436; x_wconf 88' lang='lat' dir='ltr'>vobis</span> <span class='ocrx_word' id='word_1_55' title='bbox 792 1369 942 1436; x_wconf 89' lang='lat' dir='ltr'>omnibus</span> <span class='ocrx_word' id='word_1_56' title='bbox 965 1394 1017 1437; x_wconf 91' lang='lat' dir='ltr'>me</span> <span class='ocrx_word' id='word_1_57' title='bbox 1039 1374 1248 1451; x_wconf 81' lang='lat' dir='ltr'><strong>concessisse,</strong></span> <span class='ocrx_word' id='word_1_58' title='bbox 1264 1381 1297 1438; x_wconf 92' lang='lat' dir='ltr'>et</span> <span class='ocrx_word' id='word_1_59' title='bbox 1318 1394 1409 1438; x_wconf 89' lang='lat' dir='ltr'>conce-</span> 
     </span>
    </p>
   </div>
   <div class='ocr_carea' id='block_1_7' title="bbox 124 1468 1411 1656">
    <p class='ocr_par' dir='ltr' id='par_1_7' title="bbox 124 1468 1411 1656">
     <span class='ocr_line' id='line_1_8' title="bbox 292 1468 1410 1548; baseline 0.002 -17"><span class='ocrx_word' id='word_1_60' title='bbox 292 1468 397 1533; x_wconf 92' lang='lat' dir='ltr'>dendo</span> <span class='ocrx_word' id='word_1_61' title='bbox 420 1471 480 1534; x_wconf 87' lang='lat' dir='ltr'>hac</span> <span class='ocrx_word' id='word_1_62' title='bbox 502 1477 589 1534; x_wconf 87' lang='lat' dir='ltr'>carta</span> <span class='ocrx_word' id='word_1_63' title='bbox 611 1492 682 1534; x_wconf 93' lang='lat' dir='ltr'>mea</span> <span class='ocrx_word' id='word_1_64' title='bbox 704 1470 916 1548; x_wconf 85' lang='lat' dir='ltr'>confirmasse,</span> <span class='ocrx_word' id='word_1_65' title='bbox 932 1472 1001 1535; x_wconf 91' lang='lat' dir='ltr'>Deo</span> <span class='ocrx_word' id='word_1_66' title='bbox 1025 1476 1059 1535; x_wconf 90' lang='lat' dir='ltr'>et</span> <span class='ocrx_word' id='word_1_67' title='bbox 1080 1469 1165 1536; x_wconf 88' lang='lat' dir='ltr'>Eccl.</span> <span class='ocrx_word' id='word_1_68' title='bbox 1186 1474 1216 1538; x_wconf 91' lang='lat' dir='ltr'>S.</span> <span class='ocrx_word' id='word_1_69' title='bbox 1232 1471 1321 1537; x_wconf 89' lang='lat' dir='ltr'>Petri</span> <span class='ocrx_word' id='word_1_70' title='bbox 1340 1479 1369 1538; x_wconf 89' lang='lat' dir='ltr'>et</span> <span class='ocrx_word' id='word_1_71' title='bbox 1387 1473 1410 1535; x_wconf 86' lang='lat' dir='ltr'>S.</span> 
     </span>
     <span class='ocr_line' id='line_1_9' title="bbox 124 1568 1411 1656; baseline 0.003 -26"><span class='ocrx_word' id='word_1_72' title='bbox 124 1585 166 1631; x_wconf 73' lang='lat' dir='ltr'>she</span> <span class='ocrx_word' id='word_1_73' title='bbox 177 1583 250 1631; x_wconf 77' lang='lat' dir='ltr'>dona·</span> <span class='ocrx_word' id='word_1_74' title='bbox 292 1569 411 1652; x_wconf 89' lang='lat' dir='ltr'>Hy&#39;ldae</span> <span class='ocrx_word' id='word_1_75' title='bbox 428 1570 467 1634; x_wconf 93' lang='lat' dir='ltr'>de</span> <span class='ocrx_word' id='word_1_76' title='bbox 482 1568 634 1653; x_wconf 76' lang='lat' dir='ltr'>Wyteby‘,</span> <span class='ocrx_word' id='word_1_77' title='bbox 649 1570 885 1653; x_wconf 92' lang='lat' dir='ltr'>Monachisque</span> <span class='ocrx_word' id='word_1_78' title='bbox 901 1571 979 1635; x_wconf 90' lang='lat' dir='ltr'>ibid.</span> <span class='ocrx_word' id='word_1_79' title='bbox 994 1568 1065 1634; x_wconf 92' lang='lat' dir='ltr'>Deo</span> <span class='ocrx_word' id='word_1_80' title='bbox 1081 1591 1172 1648; x_wconf 78' lang='lat' dir='ltr'>seru,</span> <span class='ocrx_word' id='word_1_81' title='bbox 1188 1571 1223 1635; x_wconf 93' lang='lat' dir='ltr'>in</span> <span class='ocrx_word' id='word_1_82' title='bbox 1233 1594 1320 1656; x_wconf 83' lang='lat' dir='ltr'>perp.</span> <span class='ocrx_word' id='word_1_83' title='bbox 1335 1573 1411 1636; x_wconf 90' lang='lat' dir='ltr'>elem.</span> 
     </span>
    </p>
   </div>
   <div class='ocr_carea' id='block_1_8' title="bbox 124 1646 1411 1762">
    <p class='ocr_par' dir='ltr' id='par_1_8' title="bbox 124 1646 1411 1762">
     <span class='ocr_line' id='line_1_10' title="bbox 124 1646 1411 1762; baseline 0.004 -33"><span class='ocrx_word' id='word_1_84' title='bbox 124 1646 229 1762; x_wconf 51' lang='lat' dir='ltr'>331}ssssss</span> <span class='ocrx_word' id='word_1_85' title='bbox 292 1668 480 1733; x_wconf 77' lang='lat' dir='ltr'>donationes</span> <span class='ocrx_word' id='word_1_86' title='bbox 495 1666 569 1733; x_wconf 90' lang='lat' dir='ltr'>illas</span> <span class='ocrx_word' id='word_1_87' title='bbox 585 1690 665 1752; x_wconf 89' lang='lat' dir='ltr'>quas</span> <span class='ocrx_word' id='word_1_88' title='bbox 680 1667 771 1732; x_wconf 88' lang='lat' dir='ltr'>dedit</span> <span class='ocrx_word' id='word_1_89' title='bbox 785 1667 889 1732; x_wconf 87' lang='lat' dir='ltr'>D’nus</span> <span class='ocrx_word' id='word_1_90' title='bbox 904 1667 1030 1739; x_wconf 84' lang='lat' dir='ltr'>Alanus</span> <span class='ocrx_word' id='word_1_91' title='bbox 1046 1669 1086 1733; x_wconf 89' lang='lat' dir='ltr'>de</span> <span class='ocrx_word' id='word_1_92' title='bbox 1102 1671 1203 1747; x_wconf 89' lang='lat' dir='ltr'>Perci,</span> <span class='ocrx_word' id='word_1_93' title='bbox 1215 1672 1315 1736; x_wconf 87' lang='lat' dir='ltr'>frater</span> <span class='ocrx_word' id='word_1_94' title='bbox 1328 1691 1411 1746; x_wconf 90' lang='lat' dir='ltr'>meus,</span> 
     </span>
    </p>
   </div>
   <div class='ocr_carea' id='block_1_9' title="bbox 123 1760 1412 1868">
    <p class='ocr_par' dir='ltr' id='par_1_9' title="bbox 123 1760 1412 1868">
     <span class='ocr_line' id='line_1_11' title="bbox 123 1760 1412 1868; baseline 0.002 -38"><span class='ocrx_word' id='word_1_95' title='bbox 123 1763 272 1868; x_wconf 52' lang='lat' dir='ltr'>ffiffilher</span> <span class='ocrx_word' id='word_1_96' title='bbox 291 1768 330 1831; x_wconf 92' lang='lat' dir='ltr'>de</span> <span class='ocrx_word' id='word_1_97' title='bbox 342 1767 465 1831; x_wconf 90' lang='lat' dir='ltr'>duabus</span> <span class='ocrx_word' id='word_1_98' title='bbox 478 1769 634 1832; x_wconf 79' lang='lat' dir='ltr'>carucatis</span> <span class='ocrx_word' id='word_1_99' title='bbox 646 1768 722 1844; x_wconf 86' lang='lat' dir='ltr'>t’rae,</span> <span class='ocrx_word' id='word_1_100' title='bbox 732 1788 871 1851; x_wconf 88' lang='lat' dir='ltr'>quarum</span> <span class='ocrx_word' id='word_1_101' title='bbox 885 1760 951 1831; x_wconf 92' lang='lat' dir='ltr'>una</span> <span class='ocrx_word' id='word_1_102' title='bbox 966 1773 1016 1831; x_wconf 90' lang='lat' dir='ltr'>est</span> <span class='ocrx_word' id='word_1_103' title='bbox 1030 1767 1066 1830; x_wconf 92' lang='lat' dir='ltr'>in</span> <span class='ocrx_word' id='word_1_104' title='bbox 1079 1767 1271 1833; x_wconf 86' lang='lat' dir='ltr'>Oxanaham</span> <span class='ocrx_word' id='word_1_105' title='bbox 1286 1771 1412 1835; x_wconf 89' lang='lat' dir='ltr'>etaltera</span> 
     </span>
    </p>
   </div>
   <div class='ocr_carea' id='block_1_10' title="bbox 123 1864 1412 1943">
    <p class='ocr_par' dir='ltr' id='par_1_10' title="bbox 123 1864 1412 1943">
     <span class='ocr_line' id='line_1_12' title="bbox 123 1864 1412 1943; baseline 0.004 -17"><span class='ocrx_word' id='word_1_106' title='bbox 123 1881 187 1926; x_wconf 74' lang='lat' dir='ltr'>ulan</span> <span class='ocrx_word' id='word_1_107' title='bbox 290 1866 325 1928; x_wconf 90' lang='lat' dir='ltr'>in</span> <span class='ocrx_word' id='word_1_108' title='bbox 344 1865 498 1943; x_wconf 90' lang='lat' dir='ltr'>Hetunia,</span> <span class='ocrx_word' id='word_1_109' title='bbox 514 1873 546 1930; x_wconf 93' lang='lat' dir='ltr'>et</span> <span class='ocrx_word' id='word_1_110' title='bbox 568 1864 677 1930; x_wconf 75' lang='lat' dir='ltr'>illam2</span> <span class='ocrx_word' id='word_1_111' title='bbox 692 1867 791 1931; x_wconf 89' lang='lat' dir='ltr'>etiam</span> <span class='ocrx_word' id='word_1_112' title='bbox 806 1866 1011 1931; x_wconf 78' lang='lat' dir='ltr'>donationem</span> <span class='ocrx_word' id='word_1_113' title='bbox 1034 1866 1131 1931; x_wconf 89' lang='lat' dir='ltr'>unius</span> <span class='ocrx_word' id='word_1_114' title='bbox 1156 1876 1316 1933; x_wconf 81' lang='lat' dir='ltr'>carucatas</span> <span class='ocrx_word' id='word_1_115' title='bbox 1335 1874 1412 1934; x_wconf 84' lang='lat' dir='ltr'>terra</span> 
     </span>
    </p>
   </div>
   <div class='ocr_carea' id='block_1_11' title="bbox 122 1940 1411 2053">
    <p class='ocr_par' dir='ltr' id='par_1_11' title="bbox 122 1940 1411 2053">
     <span class='ocr_line' id='line_1_13' title="bbox 122 1940 1411 2053; baseline 0.005 -29"><span class='ocrx_word' id='word_1_116' title='bbox 122 1940 252 2053; x_wconf 44' lang='grc' dir='ltr'>ξζτᾟξῑπ</span> <span class='ocrx_word' id='word_1_117' title='bbox 290 1965 325 2026; x_wconf 92' lang='grc'>16</span> <span class='ocrx_word' id='word_1_118' title='bbox 350 1965 540 2029; x_wconf 85' lang='lat' dir='ltr'>Oxanaham</span> <span class='ocrx_word' id='word_1_119' title='bbox 566 1987 664 2049; x_wconf 92' lang='lat' dir='ltr'>quam</span> <span class='ocrx_word' id='word_1_120' title='bbox 692 1965 877 2042; x_wconf 87' lang='lat' dir='ltr'>Gaufridus,</span> <span class='ocrx_word' id='word_1_121' title='bbox 903 1966 1002 2029; x_wconf 91' lang='lat' dir='ltr'>frater</span> <span class='ocrx_word' id='word_1_122' title='bbox 1028 1987 1128 2043; x_wconf 91' lang='lat' dir='ltr'>meus,</span> <span class='ocrx_word' id='word_1_123' title='bbox 1154 1966 1262 2032; x_wconf 91' lang='lat' dir='ltr'>eidem</span> <span class='ocrx_word' id='word_1_124' title='bbox 1287 1967 1411 2033; x_wconf 84' lang='lat' dir='ltr'>Ecclin</span> 
     </span>
    </p>
   </div>
   <div class='ocr_carea' id='block_1_12' title="bbox 122 2064 1411 2163">
    <p class='ocr_par' dir='ltr' id='par_1_12' title="bbox 122 2059 1411 2163">
     <span class='ocr_line' id='line_1_14' title="bbox 122 2064 1411 2163; baseline 0.005 -41"><span class='ocrx_word' id='word_1_125' title='bbox 122 2071 216 2163; x_wconf 46' lang='grc' dir='ltr'>((1)ζῖξῶ</span> <span class='ocrx_word' id='word_1_126' title='bbox 229 2117 276 2163; x_wconf 77' lang='lat' dir='ltr'>ano</span> <span class='ocrx_word' id='word_1_127' title='bbox 290 2085 377 2147; x_wconf 84' lang='lat' dir='ltr'>perp.</span> <span class='ocrx_word' id='word_1_128' title='bbox 393 2064 482 2128; x_wconf 86' lang='lat' dir='ltr'>clem.</span> <span class='ocrx_word' id='word_1_129' title='bbox 500 2065 598 2142; x_wconf 90' lang='lat' dir='ltr'>dedit,</span> <span class='ocrx_word' id='word_1_130' title='bbox 612 2065 659 2128; x_wconf 91' lang='lat' dir='ltr'>ita</span> <span class='ocrx_word' id='word_1_131' title='bbox 674 2064 728 2129; x_wconf 90' lang='lat' dir='ltr'>lib.</span> <span class='ocrx_word' id='word_1_132' title='bbox 746 2071 778 2129; x_wconf 90' lang='lat' dir='ltr'>et</span> <span class='ocrx_word' id='word_1_133' title='bbox 793 2086 845 2148; x_wconf 91' lang='lat' dir='ltr'>qu.</span> <span class='ocrx_word' id='word_1_134' title='bbox 858 2065 1013 2129; x_wconf 90' lang='lat' dir='ltr'>tenendas</span> <span class='ocrx_word' id='word_1_135' title='bbox 1029 2065 1306 2148; x_wconf 85' lang='lat' dir='ltr'>quemadmodum</span> <span class='ocrx_word' id='word_1_136' title='bbox 1321 2067 1411 2150; x_wconf 88' lang='lat' dir='ltr'>aliqua</span> 
     </span>
    </p>
   </div>
   <div class='ocr_carea' id='block_1_13' title="bbox 121 2162 1411 2246">
    <p class='ocr_par' dir='ltr' id='par_1_13' title="bbox 121 2162 1411 2246">
     <span class='ocr_line' id='line_1_15' title="bbox 121 2162 1411 2246; baseline 0.003 -24"><span class='ocrx_word' id='word_1_137' title='bbox 121 2176 245 2222; x_wconf 77' lang='lat' dir='ltr'>theothcr</span> <span class='ocrx_word' id='word_1_138' title='bbox 290 2163 425 2227; x_wconf 90' lang='lat' dir='ltr'>eeclesia</span> <span class='ocrx_word' id='word_1_139' title='bbox 446 2163 571 2246; x_wconf 89' lang='lat' dir='ltr'>aliquas</span> <span class='ocrx_word' id='word_1_140' title='bbox 595 2162 785 2228; x_wconf 86' lang='lat' dir='ltr'>elemosinas</span> <span class='ocrx_word' id='word_1_141' title='bbox 807 2163 941 2227; x_wconf 90' lang='lat' dir='ltr'>liberius</span> <span class='ocrx_word' id='word_1_142' title='bbox 963 2162 1032 2227; x_wconf 87' lang='lat' dir='ltr'>sive</span> <span class='ocrx_word' id='word_1_143' title='bbox 1048 2163 1210 2246; x_wconf 80' lang='lat' dir='ltr'>quietius⁸</span> <span class='ocrx_word' id='word_1_144' title='bbox 1226 2172 1324 2230; x_wconf 91' lang='lat' dir='ltr'>tenet.</span> <span class='ocrx_word' id='word_1_145' title='bbox 1364 2163 1411 2228; x_wconf 91' lang='lat' dir='ltr'>Hii</span> 
     </span>
    </p>
   </div>
   <div class='ocr_carea' id='block_1_14' title="bbox 122 2236 1411 2342">
    <p class='ocr_par' dir='ltr' id='par_1_14' title="bbox 122 2236 1411 2342">
     <span class='ocr_line' id='line_1_16' title="bbox 122 2236 1411 2342; baseline 0.002 -19"><span class='ocrx_word' id='word_1_146' title='bbox 122 2236 257 2340; x_wconf 50' lang='grc' dir='ltr'>ζῗιῗζῖζζῃῇ</span> <span class='ocrx_word' id='word_1_147' title='bbox 289 2268 486 2327; x_wconf 82' lang='grc'>6661166166.</span> <span class='ocrx_word' id='word_1_148' title='bbox 524 2261 1100 2338; x_wconf 70' lang='grc' dir='ltr'>116616116616Ρ6661,16616616666.</span> <span class='ocrx_word' id='word_1_149' title='bbox 1146 2263 1316 2342; x_wconf 83' lang='lat' dir='ltr'>Robertus,</span> <span class='ocrx_word' id='word_1_150' title='bbox 1330 2265 1411 2327; x_wconf 85' lang='lat' dir='ltr'>frater</span> 
     </span>
    </p>
   </div>
   <div class='ocr_carea' id='block_1_15' title="bbox 121 2353 1410 2471">
    <p class='ocr_par' dir='ltr' id='par_1_15' title="bbox 121 2353 1410 2471">
     <span class='ocr_line' id='line_1_17' title="bbox 121 2353 1410 2471; baseline 0.005 -53"><span class='ocrx_word' id='word_1_151' title='bbox 121 2353 265 2471; x_wconf 51' lang='grc' dir='ltr'>ἒξὲξῗξζζῑῑ·</span> <span class='ocrx_word' id='word_1_152' title='bbox 289 2382 388 2439; x_wconf 73' lang='lat' dir='ltr'>meus</span> <span class='ocrx_word' id='word_1_153' title='bbox 404 2363 443 2427; x_wconf 91' lang='lat' dir='ltr'>de</span> <span class='ocrx_word' id='word_1_154' title='bbox 458 2361 558 2427; x_wconf 88' lang='lat' dir='ltr'>Perci.</span> <span class='ocrx_word' id='word_1_155' title='bbox 595 2361 617 2426; x_wconf 88' lang='lat' dir='ltr'><strong>J</strong></span> <span class='ocrx_word' id='word_1_156' title='bbox 619 2362 772 2439; x_wconf 91' lang='lat' dir='ltr'>ohannes,</span> <span class='ocrx_word' id='word_1_157' title='bbox 786 2361 874 2425; x_wconf 88' lang='lat' dir='ltr'>filius</span> <span class='ocrx_word' id='word_1_158' title='bbox 891 2361 1046 2425; x_wconf 69' lang='lat' dir='ltr'>liodberti</span> <span class='ocrx_word' id='word_1_159' title='bbox 1062 2362 1101 2425; x_wconf 92' lang='lat' dir='ltr'>de</span> <span class='ocrx_word' id='word_1_160' title='bbox 1117 2360 1218 2426; x_wconf 68' lang='lat' dir='ltr'>Perci,</span> <span class='ocrx_word' id='word_1_161' title='bbox 1260 2363 1410 2429; x_wconf 85' lang='lat' dir='ltr'>Gosfridus</span> 
     </span>
    </p>
   </div>
   <div class='ocr_carea' id='block_1_16' title="bbox 121 2459 1409 2538">
    <p class='ocr_par' dir='ltr' id='par_1_16' title="bbox 121 2459 1409 2538">
     <span class='ocr_line' id='line_1_18' title="bbox 121 2459 1409 2538; baseline 0.005 -21"><span class='ocrx_word' id='word_1_162' title='bbox 121 2472 251 2530; x_wconf 74' lang='lat' dir='ltr'>gisortis</span> <span class='ocrx_word' id='word_1_163' title='bbox 290 2461 441 2538; x_wconf 79' lang='lat' dir='ltr'>Clericus,</span> <span class='ocrx_word' id='word_1_164' title='bbox 457 2463 553 2526; x_wconf 89' lang='lat' dir='ltr'>frater</span> <span class='ocrx_word' id='word_1_165' title='bbox 573 2481 672 2525; x_wconf 85' lang='lat' dir='ltr'>meus.</span> <span class='ocrx_word' id='word_1_166' title='bbox 717 2459 885 2537; x_wconf 83' lang='lat' dir='ltr'>Robertus,</span> <span class='ocrx_word' id='word_1_167' title='bbox 900 2460 987 2524; x_wconf 87' lang='lat' dir='ltr'>filius</span> <span class='ocrx_word' id='word_1_168' title='bbox 1002 2460 1139 2524; x_wconf 87' lang='lat' dir='ltr'>Walteri</span> <span class='ocrx_word' id='word_1_169' title='bbox 1155 2461 1195 2526; x_wconf 95' lang='lat' dir='ltr'>de</span> <span class='ocrx_word' id='word_1_170' title='bbox 1211 2461 1313 2527; x_wconf 88' lang='lat' dir='ltr'>Perci.</span> <span class='ocrx_word' id='word_1_171' title='bbox 1354 2460 1409 2526; x_wconf 86' lang='lat' dir='ltr'>Gil-</span> 
     </span>
    </p>
   </div>
   <div class='ocr_carea' id='block_1_17' title="bbox 121 2531 1409 2649">
    <p class='ocr_par' dir='ltr' id='par_1_17' title="bbox 121 2531 1409 2649">
     <span class='ocr_line' id='line_1_19' title="bbox 121 2531 1409 2649; baseline -0.004 -22"><span class='ocrx_word' id='word_1_172' title='bbox 121 2531 240 2649; x_wconf 41' lang='grc'>1111111,</span> <span class='ocrx_word' id='word_1_173' title='bbox 289 2560 407 2638; x_wconf 83' lang='lat' dir='ltr'>bertus,</span> <span class='ocrx_word' id='word_1_174' title='bbox 423 2562 510 2625; x_wconf 87' lang='lat' dir='ltr'>filius</span> <span class='ocrx_word' id='word_1_175' title='bbox 528 2562 678 2644; x_wconf 83' lang='lat' dir='ltr'>Hugonis</span> <span class='ocrx_word' id='word_1_176' title='bbox 693 2561 733 2624; x_wconf 93' lang='lat' dir='ltr'>de</span> <span class='ocrx_word' id='word_1_177' title='bbox 749 2561 849 2624; x_wconf 90' lang='lat' dir='ltr'>Perci.</span> <span class='ocrx_word' id='word_1_178' title='bbox 894 2559 1069 2623; x_wconf 73' lang='lat' dir='ltr'>(laufridus</span> <span class='ocrx_word' id='word_1_179' title='bbox 1085 2559 1125 2623; x_wconf 92' lang='lat' dir='ltr'>de</span> <span class='ocrx_word' id='word_1_180' title='bbox 1140 2559 1313 2646; x_wconf 73' lang='lat' dir='ltr'>Tybatorp.</span> <span class='ocrx_word' id='word_1_181' title='bbox 1354 2559 1409 2624; x_wconf 87' lang='lat' dir='ltr'>Gil-</span> 
     </span>
    </p>
   </div>
   <div class='ocr_carea' id='block_1_18' title="bbox 119 2649 1408 2755">
    <p class='ocr_par' dir='ltr' id='par_1_18' title="bbox 119 2649 1408 2755">
     <span class='ocr_line' id='line_1_20' title="bbox 119 2649 1408 2755; baseline 0.002 -39"><span class='ocrx_word' id='word_1_182' title='bbox 119 2649 222 2755; x_wconf 48' lang='lat' dir='ltr'>ffigssl</span> <span class='ocrx_word' id='word_1_183' title='bbox 290 2660 409 2737; x_wconf 88' lang='lat' dir='ltr'>bertus,</span> <span class='ocrx_word' id='word_1_184' title='bbox 423 2661 510 2724; x_wconf 85' lang='lat' dir='ltr'>filius</span> <span class='ocrx_word' id='word_1_185' title='bbox 525 2661 650 2744; x_wconf 52' lang='lat' dir='ltr'>Rogeri,</span> <span class='ocrx_word' id='word_1_186' title='bbox 689 2659 867 2724; x_wconf 79' lang='lat' dir='ltr'>Gaulridus</span> <span class='ocrx_word' id='word_1_187' title='bbox 882 2659 921 2722; x_wconf 92' lang='lat' dir='ltr'>de</span> <span class='ocrx_word' id='word_1_188' title='bbox 937 2660 1047 2722; x_wconf 90' lang='lat' dir='ltr'>Bosoo.</span> <span class='ocrx_word' id='word_1_189' title='bbox 1088 2659 1299 2725; x_wconf 88' lang='lat' dir='ltr'>Normannus</span> <span class='ocrx_word' id='word_1_190' title='bbox 1315 2661 1408 2726; x_wconf 83' lang='lat' dir='ltr'>Coeus.</span> 
     </span>
    </p>
   </div>
   <div class='ocr_carea' id='block_1_19' title="bbox 290 2758 1085 2837">
    <p class='ocr_par' dir='ltr' id='par_1_19' title="bbox 290 2758 1085 2837">
     <span class='ocr_line' id='line_1_21' title="bbox 290 2758 1085 2837; baseline 0 -17"><span class='ocrx_word' id='word_1_191' title='bbox 290 2758 482 2837; x_wconf 86' lang='lat' dir='ltr'>Willelmus,</span> <span class='ocrx_word' id='word_1_192' title='bbox 497 2759 582 2823; x_wconf 90' lang='lat' dir='ltr'>filius</span> <span class='ocrx_word' id='word_1_193' title='bbox 598 2758 754 2824; x_wconf 86' lang='lat' dir='ltr'>Danielis.</span> <span class='ocrx_word' id='word_1_194' title='bbox 799 2758 957 2822; x_wconf 86' lang='lat' dir='ltr'>Robertus</span> <span class='ocrx_word' id='word_1_195' title='bbox 974 2758 1085 2822; x_wconf 76' lang='lat' dir='ltr'>(loeus.</span> 
     </span>
    </p>
   </div>
   <div class='ocr_carea' id='block_1_20' title="bbox 303 2970 1392 3147">
    <p class='ocr_par' dir='ltr' id='par_1_20' title="bbox 303 2970 1392 3147">
     <span class='ocr_line' id='line_1_22' title="bbox 303 2970 1392 3059; baseline -0.004 -23"><span class='ocrx_word' id='word_1_196' title='bbox 303 2972 388 3037; x_wconf 84' lang='lat' dir='ltr'>LXI.</span> <span class='ocrx_word' id='word_1_197' title='bbox 414 2974 483 3059; x_wconf 87' lang='lat'>(16)</span> <span class='ocrx_word' id='word_1_198' title='bbox 501 2975 730 3039; x_wconf 77' lang='grc'>0666661616</span> <span class='ocrx_word' id='word_1_199' title='bbox 748 2972 968 3037; x_wconf 71' lang='grc'>(1661666166</span> <span class='ocrx_word' id='word_1_200' title='bbox 984 2970 1201 3035; x_wconf 82' lang='lat' dir='ltr'>Purornuu.</span> <span class='ocrx_word' id='word_1_201' title='bbox 1219 2986 1392 3036; x_wconf 78' lang='grc'>66666666</span> 
     </span>
     <span class='ocr_line' id='line_1_23' title="bbox 674 3081 1036 3147; baseline -0.006 0"><span class='ocrx_word' id='word_1_202' title='bbox 674 3099 789 3147; x_wconf 76' lang='lat' dir='ltr'>rusam</span> <span class='ocrx_word' id='word_1_203' title='bbox 804 3100 839 3147; x_wconf 83' lang='lat' dir='ltr'>ru</span> <span class='ocrx_word' id='word_1_204' title='bbox 857 3081 1036 3146; x_wconf 78' lang='lat' dir='ltr'>oxrrmn.</span> 
     </span>
    </p>
   </div>
   <div class='ocr_carea' id='block_1_21' title="bbox 119 3231 1412 3419">
    <p class='ocr_par' dir='ltr' id='par_1_21' title="bbox 119 3231 1412 3419">
     <span class='ocr_line' id='line_1_24' title="bbox 119 3231 1411 3315; baseline -0.007 -14"><span class='ocrx_word' id='word_1_205' title='bbox 119 3254 231 3313; x_wconf 79' lang='lat' dir='ltr'>Geoffrey</span> <span class='ocrx_word' id='word_1_206' title='bbox 244 3255 274 3301; x_wconf 79' lang='grc'>(6</span> <span class='ocrx_word' id='word_1_207' title='bbox 330 3236 442 3300; x_wconf 83' lang='lat' dir='ltr'>Sciant</span> <span class='ocrx_word' id='word_1_208' title='bbox 457 3254 567 3300; x_wconf 90' lang='lat' dir='ltr'>omnes</span> <span class='ocrx_word' id='word_1_209' title='bbox 580 3234 728 3298; x_wconf 85' lang='lat' dir='ltr'>videntes</span> <span class='ocrx_word' id='word_1_210' title='bbox 740 3239 772 3296; x_wconf 91' lang='lat' dir='ltr'>et</span> <span class='ocrx_word' id='word_1_211' title='bbox 784 3232 856 3295; x_wconf 88' lang='lat' dir='ltr'>aud.</span> <span class='ocrx_word' id='word_1_212' title='bbox 868 3232 926 3295; x_wconf 90' lang='lat' dir='ltr'>has</span> <span class='ocrx_word' id='word_1_213' title='bbox 937 3231 1056 3308; x_wconf 70' lang='lat' dir='ltr'>literas³</span> <span class='ocrx_word' id='word_1_214' title='bbox 1068 3231 1155 3314; x_wconf 89' lang='lat' dir='ltr'>quod</span> <span class='ocrx_word' id='word_1_215' title='bbox 1167 3253 1236 3315; x_wconf 83' lang='lat' dir='ltr'>ego,</span> <span class='ocrx_word' id='word_1_216' title='bbox 1248 3232 1411 3298; x_wconf 85' lang='lat' dir='ltr'>Gaulridus</span> 
     </span>
     <span class='ocr_line' id='line_1_25' title="bbox 119 3315 1412 3419; baseline -0.005 -19"><span class='ocrx_word' id='word_1_217' title='bbox 119 3315 260 3419; x_wconf 54' lang='lat' dir='ltr'>{ffiffin&#39;</span> <span class='ocrx_word' id='word_1_218' title='bbox 288 3335 327 3397; x_wconf 92' lang='lat' dir='ltr'>de</span> <span class='ocrx_word' id='word_1_219' title='bbox 339 3335 438 3412; x_wconf 91' lang='lat' dir='ltr'>Perci,</span> <span class='ocrx_word' id='word_1_220' title='bbox 449 3335 591 3398; x_wconf 86' lang='lat' dir='ltr'>concessi</span> <span class='ocrx_word' id='word_1_221' title='bbox 602 3332 753 3397; x_wconf 87' lang='lat' dir='ltr'>Ecclesiae</span> <span class='ocrx_word' id='word_1_222' title='bbox 767 3332 796 3395; x_wconf 88' lang='lat' dir='ltr'>S.</span> <span class='ocrx_word' id='word_1_223' title='bbox 809 3330 897 3394; x_wconf 91' lang='lat' dir='ltr'>Petri</span> <span class='ocrx_word' id='word_1_224' title='bbox 912 3335 945 3394; x_wconf 87' lang='lat' dir='ltr'>et</span> <span class='ocrx_word' id='word_1_225' title='bbox 961 3330 991 3394; x_wconf 91' lang='lat' dir='ltr'>S.</span> <span class='ocrx_word' id='word_1_226' title='bbox 1004 3330 1123 3413; x_wconf 78' lang='lat' dir='ltr'>Hyldae</span> <span class='ocrx_word' id='word_1_227' title='bbox 1134 3330 1175 3394; x_wconf 91' lang='grc'>(16</span> <span class='ocrx_word' id='word_1_228' title='bbox 1187 3332 1332 3415; x_wconf 74' lang='lat' dir='ltr'>wyteby</span> <span class='ocrx_word' id='word_1_229' title='bbox 1343 3332 1412 3394; x_wconf 87' lang='lat' dir='ltr'>duas</span> 
     </span>
    </p>
   </div>
   <div class='ocr_carea' id='block_1_22' title="bbox 119 3429 1412 3536">
    <p class='ocr_par' dir='ltr' id='par_1_22' title="bbox 119 3429 1412 3536">
     <span class='ocr_line' id='line_1_26' title="bbox 119 3429 1412 3536; baseline -0.002 -42"><span class='ocrx_word' id='word_1_230' title='bbox 119 3433 249 3536; x_wconf 45' lang='lat' dir='ltr'>{irfgtgssfflis</span> <span class='ocrx_word' id='word_1_231' title='bbox 289 3442 453 3498; x_wconf 88' lang='lat' dir='ltr'>carucatas</span> <span class='ocrx_word' id='word_1_232' title='bbox 482 3439 582 3509; x_wconf 85' lang='lat' dir='ltr'>terrae,</span> <span class='ocrx_word' id='word_1_233' title='bbox 608 3439 640 3496; x_wconf 91' lang='lat' dir='ltr'>et</span> <span class='ocrx_word' id='word_1_234' title='bbox 670 3430 777 3494; x_wconf 89' lang='lat' dir='ltr'>omnia</span> <span class='ocrx_word' id='word_1_235' title='bbox 806 3430 847 3493; x_wconf 89' lang='lat' dir='ltr'>ad</span> <span class='ocrx_word' id='word_1_236' title='bbox 877 3429 950 3492; x_wconf 88' lang='lat' dir='ltr'>illas</span> <span class='ocrx_word' id='word_1_237' title='bbox 978 3429 1183 3512; x_wconf 87' lang='lat' dir='ltr'>pertinentia,</span> <span class='ocrx_word' id='word_1_238' title='bbox 1210 3451 1293 3513; x_wconf 87' lang='lat' dir='ltr'>quas</span> <span class='ocrx_word' id='word_1_239' title='bbox 1318 3431 1412 3494; x_wconf 88' lang='lat' dir='ltr'>D’nus</span> 
     </span>
    </p>
   </div>
   <div class='ocr_carea' id='block_1_23' title="bbox 119 3550 1415 4564">
    <p class='ocr_par' dir='ltr' id='par_1_23' title="bbox 119 3550 1415 4305">
     <span class='ocr_line' id='line_1_27' title="bbox 119 3550 1412 3646; baseline -0.009 -7"><span class='ocrx_word' id='word_1_240' title='bbox 119 3550 182 3596; x_wconf 49' lang='grc' dir='ltr'>ΛΜΗ</span> <span class='ocrx_word' id='word_1_241' title='bbox 193 3554 220 3596; x_wconf 62' lang='lat' dir='ltr'>t⁰</span> <span class='ocrx_word' id='word_1_242' title='bbox 322 3581 332 3616; x_wconf 87' lang='lat'>¹</span> <span class='ocrx_word' id='word_1_243' title='bbox 351 3581 415 3635; x_wconf 86' lang='lat' dir='ltr'>This</span> <span class='ocrx_word' id='word_1_244' title='bbox 432 3585 505 3633; x_wconf 87' lang='lat' dir='ltr'>must</span> <span class='ocrx_word' id='word_1_245' title='bbox 522 3580 555 3632; x_wconf 91' lang='lat' dir='ltr'>be</span> <span class='ocrx_word' id='word_1_246' title='bbox 567 3598 583 3632; x_wconf 92' lang='grc'>6</span> <span class='ocrx_word' id='word_1_247' title='bbox 594 3593 713 3646; x_wconf 85' lang='lat' dir='ltr'>younger</span> <span class='ocrx_word' id='word_1_248' title='bbox 730 3575 826 3629; x_wconf 86' lang='lat' dir='ltr'>Pichot</span> <span class='ocrx_word' id='word_1_249' title='bbox 838 3574 871 3627; x_wconf 89' lang='grc'>16</span> <span class='ocrx_word' id='word_1_250' title='bbox 883 3573 965 3627; x_wconf 88' lang='lat' dir='ltr'>Perci.</span> <span class='ocrx_word' id='word_1_251' title='bbox 1002 3576 1058 3626; x_wconf 82' lang='lat' dir='ltr'>The</span> <span class='ocrx_word' id='word_1_252' title='bbox 1076 3576 1149 3626; x_wconf 87' lang='lat' dir='ltr'>elder</span> <span class='ocrx_word' id='word_1_253' title='bbox 1166 3575 1264 3629; x_wconf 75' lang='lat' dir='ltr'>Frchot</span> <span class='ocrx_word' id='word_1_254' title='bbox 1279 3577 1412 3629; x_wconf 75' lang='lat' dir='ltr'>iswituass</span> 
     </span>
     <span class='ocr_line' id='line_1_28' title="bbox 286 3658 1413 3730; baseline -0.006 -12"><span class='ocrx_word' id='word_1_255' title='bbox 286 3673 315 3718; x_wconf 94' lang='grc'>16</span> <span class='ocrx_word' id='word_1_256' title='bbox 335 3669 402 3717; x_wconf 88' lang='grc' dir='ltr'>Α166</span> <span class='ocrx_word' id='word_1_257' title='bbox 423 3668 456 3717; x_wconf 86' lang='grc'>16</span> <span class='ocrx_word' id='word_1_258' title='bbox 473 3664 579 3729; x_wconf 84' lang='lat' dir='ltr'>Peroy’s</span> <span class='ocrx_word' id='word_1_259' title='bbox 596 3668 675 3730; x_wconf 83' lang='lat' dir='ltr'>grant</span> <span class='ocrx_word' id='word_1_260' title='bbox 692 3662 745 3712; x_wconf 89' lang='grc'>661</span> <span class='ocrx_word' id='word_1_261' title='bbox 763 3660 944 3711; x_wconf 86' lang='lat' dir='ltr'>confirmation</span> <span class='ocrx_word' id='word_1_262' title='bbox 961 3660 989 3710; x_wconf 88' lang='grc'>61</span> <span class='ocrx_word' id='word_1_263' title='bbox 1006 3659 1053 3710; x_wconf 89' lang='lat' dir='ltr'>the</span> <span class='ocrx_word' id='word_1_264' title='bbox 1071 3659 1176 3726; x_wconf 77' lang='lat' dir='ltr'>llyling,</span> <span class='ocrx_word' id='word_1_265' title='bbox 1194 3660 1353 3727; x_wconf 83' lang='lat' dir='ltr'>Normsnby</span> <span class='ocrx_word' id='word_1_266' title='bbox 1368 3658 1413 3711; x_wconf 83' lang='lat' dir='ltr'>and</span> 
     </span>
     <span class='ocr_line' id='line_1_29' title="bbox 286 3742 1413 3814; baseline -0.01 -13"><span class='ocrx_word' id='word_1_267' title='bbox 286 3753 419 3801; x_wconf 81' lang='lat' dir='ltr'>Hawsker&#39;</span> <span class='ocrx_word' id='word_1_268' title='bbox 437 3750 498 3799; x_wconf 84' lang='lat' dir='ltr'>vills</span> <span class='ocrx_word' id='word_1_269' title='bbox 519 3749 579 3814; x_wconf 82' lang='lat' dir='ltr'>(No.</span> <span class='ocrx_word' id='word_1_270' title='bbox 600 3745 654 3813; x_wconf 80' lang='lat'>28),</span> <span class='ocrx_word' id='word_1_271' title='bbox 675 3745 768 3811; x_wconf 88' lang='lat' dir='ltr'>dating</span> <span class='ocrx_word' id='word_1_272' title='bbox 787 3743 918 3810; x_wconf 85' lang='lat' dir='ltr'>probably</span> <span class='ocrx_word' id='word_1_273' title='bbox 936 3758 999 3793; x_wconf 88' lang='grc'>6666</span> <span class='ocrx_word' id='word_1_274' title='bbox 1021 3742 1091 3792; x_wconf 85' lang='lat' dir='ltr'>alter</span> <span class='ocrx_word' id='word_1_275' title='bbox 1111 3743 1185 3794; x_wconf 86' lang='lat' dir='ltr'>Will.</span> <span class='ocrx_word' id='word_1_276' title='bbox 1207 3743 1242 3794; x_wconf 85' lang='lat' dir='ltr'>de</span> <span class='ocrx_word' id='word_1_277' title='bbox 1263 3745 1357 3809; x_wconf 85' lang='lat' dir='ltr'>Perey,</span> <span class='ocrx_word' id='word_1_278' title='bbox 1373 3742 1413 3794; x_wconf 83' lang='lat' dir='ltr'>the</span> 
     </span>
     <span class='ocr_line' id='line_1_30' title="bbox 285 3824 1413 3894; baseline -0.009 -9"><span class='ocrx_word' id='word_1_279' title='bbox 285 3834 419 3885; x_wconf 83' lang='lat' dir='ltr'>founder&#39;s</span> <span class='ocrx_word' id='word_1_280' title='bbox 437 3832 527 3894; x_wconf 88' lang='lat' dir='ltr'>death,</span> <span class='ocrx_word' id='word_1_281' title='bbox 545 3831 597 3880; x_wconf 84' lang='lat' dir='ltr'>and</span> <span class='ocrx_word' id='word_1_282' title='bbox 615 3835 643 3881; x_wconf 92' lang='lat' dir='ltr'>to</span> <span class='ocrx_word' id='word_1_283' title='bbox 661 3829 743 3879; x_wconf 90' lang='lat' dir='ltr'>Fulco</span> <span class='ocrx_word' id='word_1_284' title='bbox 761 3825 967 3892; x_wconf 79' lang='lat' dir='ltr'>fitzRaynired’s</span> <span class='ocrx_word' id='word_1_285' title='bbox 991 3824 1096 3875; x_wconf 85' lang='lat' dir='ltr'>chartor</span> <span class='ocrx_word' id='word_1_286' title='bbox 1115 3825 1174 3886; x_wconf 86' lang='lat' dir='ltr'>(No.</span> <span class='ocrx_word' id='word_1_287' title='bbox 1194 3828 1267 3891; x_wconf 80' lang='lat'><strong>253).</strong></span> <span class='ocrx_word' id='word_1_288' title='bbox 1305 3824 1413 3880; x_wconf 85' lang='lat' dir='ltr'>Pichot&#39;s</span> 
     </span>
     <span class='ocr_line' id='line_1_31' title="bbox 285 3908 1413 3978; baseline -0.007 -10"><span class='ocrx_word' id='word_1_289' title='bbox 285 3935 332 3968; x_wconf 85' lang='lat' dir='ltr'>son</span> <span class='ocrx_word' id='word_1_290' title='bbox 345 3919 445 3968; x_wconf 83' lang='lat' dir='ltr'>Robert</span> <span class='ocrx_word' id='word_1_291' title='bbox 458 3917 516 3978; x_wconf 85' lang='lat' dir='ltr'>(No.</span> <span class='ocrx_word' id='word_1_292' title='bbox 530 3917 584 3975; x_wconf 79' lang='lat'>43),</span> <span class='ocrx_word' id='word_1_293' title='bbox 597 3913 625 3962; x_wconf 91' lang='lat' dir='ltr'>in</span> <span class='ocrx_word' id='word_1_294' title='bbox 636 3912 683 3963; x_wconf 90' lang='lat' dir='ltr'>the</span> <span class='ocrx_word' id='word_1_295' title='bbox 695 3927 819 3978; x_wconf 85' lang='lat' dir='ltr'>presence</span> <span class='ocrx_word' id='word_1_296' title='bbox 831 3910 859 3960; x_wconf 92' lang='grc'>61</span> <span class='ocrx_word' id='word_1_297' title='bbox 870 3909 913 3959; x_wconf 86' lang='lat' dir='ltr'>his</span> <span class='ocrx_word' id='word_1_298' title='bbox 925 3909 990 3969; x_wconf 90' lang='lat' dir='ltr'>heir,</span> <span class='ocrx_word' id='word_1_299' title='bbox 1003 3911 1094 3974; x_wconf 83' lang='lat' dir='ltr'>grants</span> <span class='ocrx_word' id='word_1_300' title='bbox 1104 3908 1151 3957; x_wconf 85' lang='lat' dir='ltr'>the</span> <span class='ocrx_word' id='word_1_301' title='bbox 1162 3908 1265 3960; x_wconf 85' lang='lat' dir='ltr'>chureh</span> <span class='ocrx_word' id='word_1_302' title='bbox 1277 3910 1307 3960; x_wconf 85' lang='lat' dir='ltr'>of</span> <span class='ocrx_word' id='word_1_303' title='bbox 1319 3911 1413 3972; x_wconf 81' lang='lat' dir='ltr'>Queme</span> 
     </span>
     <span class='ocr_line' id='line_1_32' title="bbox 285 3989 1414 4062; baseline -0.011 -10"><span class='ocrx_word' id='word_1_304' title='bbox 285 4004 383 4052; x_wconf 88' lang='lat' dir='ltr'>Sutton</span> <span class='ocrx_word' id='word_1_305' title='bbox 400 4005 428 4051; x_wconf 88' lang='lat' dir='ltr'>to</span> <span class='ocrx_word' id='word_1_306' title='bbox 447 3997 568 4060; x_wconf 87' lang='lat' dir='ltr'>Whitby,</span> <span class='ocrx_word' id='word_1_307' title='bbox 588 3996 681 4045; x_wconf 85' lang='grc'>66116</span> <span class='ocrx_word' id='word_1_308' title='bbox 699 3995 807 4045; x_wconf 85' lang='lat' dir='ltr'>witness</span> <span class='ocrx_word' id='word_1_309' title='bbox 823 3997 852 4043; x_wconf 91' lang='lat' dir='ltr'>to</span> <span class='ocrx_word' id='word_1_310' title='bbox 870 3991 917 4042; x_wconf 92' lang='lat' dir='ltr'>the</span> <span class='ocrx_word' id='word_1_311' title='bbox 935 3991 1040 4041; x_wconf 79' lang='lat' dir='ltr'>obanter</span> <span class='ocrx_word' id='word_1_312' title='bbox 1056 3989 1084 4040; x_wconf 89' lang='grc'>61</span> <span class='ocrx_word' id='word_1_313' title='bbox 1103 3989 1178 4044; x_wconf 92' lang='lat' dir='ltr'>Will.</span> <span class='ocrx_word' id='word_1_314' title='bbox 1197 3991 1233 4042; x_wconf 86' lang='lat' dir='ltr'>de</span> <span class='ocrx_word' id='word_1_315' title='bbox 1251 3993 1328 4044; x_wconf 89' lang='lat' dir='ltr'>Perci</span> <span class='ocrx_word' id='word_1_316' title='bbox 1341 3993 1414 4062; x_wconf 88' lang='lat' dir='ltr'>(elder</span> 
     </span>
     <span class='ocr_line' id='line_1_33' title="bbox 285 4072 1415 4145; baseline -0.009 -11"><span class='ocrx_word' id='word_1_317' title='bbox 285 4085 394 4135; x_wconf 84' lang='lat' dir='ltr'>brother</span> <span class='ocrx_word' id='word_1_318' title='bbox 413 4084 440 4132; x_wconf 91' lang='grc'>61</span> <span class='ocrx_word' id='word_1_319' title='bbox 461 4082 507 4132; x_wconf 86' lang='lat' dir='ltr'>the</span> <span class='ocrx_word' id='word_1_320' title='bbox 525 4083 633 4145; x_wconf 81' lang='lat' dir='ltr'>grantor</span> <span class='ocrx_word' id='word_1_321' title='bbox 651 4079 679 4129; x_wconf 86' lang='grc'>61</span> <span class='ocrx_word' id='word_1_322' title='bbox 697 4078 744 4127; x_wconf 88' lang='lat' dir='ltr'>the</span> <span class='ocrx_word' id='word_1_323' title='bbox 760 4079 867 4143; x_wconf 89' lang='lat' dir='ltr'>present</span> <span class='ocrx_word' id='word_1_324' title='bbox 885 4074 1007 4135; x_wconf 84' lang='lat' dir='ltr'>charter),</span> <span class='ocrx_word' id='word_1_325' title='bbox 1028 4073 1056 4122; x_wconf 88' lang='lat' dir='ltr'>in</span> <span class='ocrx_word' id='word_1_326' title='bbox 1073 4072 1163 4123; x_wconf 81' lang='lat' dir='ltr'>which</span> <span class='ocrx_word' id='word_1_327' title='bbox 1179 4074 1215 4124; x_wconf 91' lang='lat' dir='ltr'>he</span> <span class='ocrx_word' id='word_1_328' title='bbox 1234 4077 1360 4127; x_wconf 82' lang='grc'>66611666</span> <span class='ocrx_word' id='word_1_329' title='bbox 1375 4076 1415 4125; x_wconf 89' lang='lat' dir='ltr'>the</span> 
     </span>
     <span class='ocr_line' id='line_1_34' title="bbox 285 4155 1414 4227; baseline -0.008 -9"><span class='ocrx_word' id='word_1_330' title='bbox 285 4169 425 4218; x_wconf 90' lang='lat' dir='ltr'>donations</span> <span class='ocrx_word' id='word_1_331' title='bbox 443 4166 470 4216; x_wconf 91' lang='grc'>61</span> <span class='ocrx_word' id='word_1_332' title='bbox 491 4164 533 4214; x_wconf 84' lang='grc'>166</span> <span class='ocrx_word' id='word_1_333' title='bbox 551 4163 639 4212; x_wconf 87' lang='lat' dir='ltr'>father</span> <span class='ocrx_word' id='word_1_334' title='bbox 659 4162 712 4210; x_wconf 90' lang='grc'>661</span> <span class='ocrx_word' id='word_1_335' title='bbox 733 4159 905 4226; x_wconf 80' lang='lat' dir='ltr'>grandfather</span> <span class='ocrx_word' id='word_1_336' title='bbox 924 4157 984 4219; x_wconf 88' lang='lat' dir='ltr'>(No.</span> <span class='ocrx_word' id='word_1_337' title='bbox 1005 4159 1057 4218; x_wconf 80' lang='lat'><strong>26).</strong></span> <span class='ocrx_word' id='word_1_338' title='bbox 1093 4155 1229 4224; x_wconf 76' lang='lat' dir='ltr'>Probably</span> <span class='ocrx_word' id='word_1_339' title='bbox 1249 4160 1298 4211; x_wconf 85' lang='lat' dir='ltr'>the</span> <span class='ocrx_word' id='word_1_340' title='bbox 1317 4163 1414 4227; x_wconf 84' lang='lat' dir='ltr'>present</span> 
     </span>
     <span class='ocr_line' id='line_1_35' title="bbox 285 4239 1195 4305; baseline -0.011 -4"><span class='ocrx_word' id='word_1_341' title='bbox 285 4253 393 4302; x_wconf 85' lang='lat' dir='ltr'>witness</span> <span class='ocrx_word' id='word_1_342' title='bbox 406 4251 428 4299; x_wconf 93' lang='lat' dir='ltr'>is</span> <span class='ocrx_word' id='word_1_343' title='bbox 441 4266 485 4299; x_wconf 84' lang='lat' dir='ltr'>son</span> <span class='ocrx_word' id='word_1_344' title='bbox 500 4247 528 4297; x_wconf 87' lang='grc'>61</span> <span class='ocrx_word' id='word_1_345' title='bbox 539 4245 648 4305; x_wconf 87' lang='lat' dir='ltr'>Robert,</span> <span class='ocrx_word' id='word_1_346' title='bbox 662 4244 684 4294; x_wconf 84' lang='lat' dir='ltr'>if</span> <span class='ocrx_word' id='word_1_347' title='bbox 696 4248 742 4294; x_wconf 93' lang='lat' dir='ltr'>not</span> <span class='ocrx_word' id='word_1_348' title='bbox 753 4243 800 4293; x_wconf 85' lang='lat' dir='ltr'>the</span> <span class='ocrx_word' id='word_1_349' title='bbox 812 4242 870 4292; x_wconf 86' lang='lat' dir='ltr'>heir</span> <span class='ocrx_word' id='word_1_350' title='bbox 881 4240 1032 4291; x_wconf 87' lang='lat' dir='ltr'>mentioned</span> <span class='ocrx_word' id='word_1_351' title='bbox 1044 4239 1072 4289; x_wconf 91' lang='lat' dir='ltr'>in</span> <span class='ocrx_word' id='word_1_352' title='bbox 1085 4239 1136 4290; x_wconf 86' lang='lat' dir='ltr'>No.</span> <span class='ocrx_word' id='word_1_353' title='bbox 1149 4242 1195 4292; x_wconf 82' lang='lat'>43.</span> 
     </span>
    </p>

    <p class='ocr_par' dir='ltr' id='par_1_24' title="bbox 285 4321 1415 4564">
     <span class='ocr_line' id='line_1_36' title="bbox 321 4321 1415 4389; baseline -0.007 -7"><span class='ocrx_word' id='word_1_354' title='bbox 321 4333 331 4366; x_wconf 81' lang='lat'><strong>²</strong></span> <span class='ocrx_word' id='word_1_355' title='bbox 349 4334 404 4384; x_wconf 89' lang='lat' dir='ltr'>The</span> <span class='ocrx_word' id='word_1_356' title='bbox 418 4332 490 4382; x_wconf 87' lang='lat' dir='ltr'>word</span> <span class='ocrx_word' id='word_1_357' title='bbox 503 4329 622 4379; x_wconf 82' lang='lat' dir='ltr'>“illam’&#39;</span> <span class='ocrx_word' id='word_1_358' title='bbox 634 4329 656 4377; x_wconf 91' lang='lat' dir='ltr'>is</span> <span class='ocrx_word' id='word_1_359' title='bbox 669 4327 777 4376; x_wconf 86' lang='lat' dir='ltr'>marked</span> <span class='ocrx_word' id='word_1_360' title='bbox 796 4326 834 4377; x_wconf 84' lang='lat' dir='ltr'>off</span> <span class='ocrx_word' id='word_1_361' title='bbox 849 4325 915 4374; x_wconf 89' lang='lat' dir='ltr'>with</span> <span class='ocrx_word' id='word_1_362' title='bbox 933 4328 988 4375; x_wconf 88' lang='lat' dir='ltr'>two</span> <span class='ocrx_word' id='word_1_363' title='bbox 1006 4321 1074 4389; x_wconf 86' lang='lat' dir='ltr'>light</span> <span class='ocrx_word' id='word_1_364' title='bbox 1091 4321 1160 4374; x_wconf 79' lang='lat' dir='ltr'>lines</span> <span class='ocrx_word' id='word_1_365' title='bbox 1172 4340 1208 4375; x_wconf 91' lang='grc'>66</span> <span class='ocrx_word' id='word_1_366' title='bbox 1221 4326 1310 4377; x_wconf 88' lang='lat' dir='ltr'>either</span> <span class='ocrx_word' id='word_1_367' title='bbox 1327 4328 1381 4378; x_wconf 85' lang='lat' dir='ltr'>side</span> <span class='ocrx_word' id='word_1_368' title='bbox 1392 4325 1415 4376; x_wconf 90' lang='grc'>61</span> 
     </span>
     <span class='ocr_line' id='line_1_37' title="bbox 285 4408 892 4480; baseline -0.015 -12"><span class='ocrx_word' id='word_1_369' title='bbox 285 4421 314 4480; x_wconf 83' lang='grc'>11,</span> <span class='ocrx_word' id='word_1_370' title='bbox 328 4419 381 4466; x_wconf 84' lang='grc'>661</span> <span class='ocrx_word' id='word_1_371' title='bbox 393 4432 409 4465; x_wconf 84' lang='grc'>6</span> <span class='ocrx_word' id='word_1_372' title='bbox 420 4415 490 4466; x_wconf 86' lang='lat' dir='ltr'>little</span> <span class='ocrx_word' id='word_1_373' title='bbox 503 4413 585 4463; x_wconf 79' lang='lat' dir='ltr'>above</span> <span class='ocrx_word' id='word_1_374' title='bbox 597 4411 642 4462; x_wconf 85' lang='lat' dir='ltr'>the</span> <span class='ocrx_word' id='word_1_375' title='bbox 655 4410 722 4460; x_wconf 88' lang='lat' dir='ltr'>level</span> <span class='ocrx_word' id='word_1_376' title='bbox 735 4409 762 4459; x_wconf 84' lang='grc'>61</span> <span class='ocrx_word' id='word_1_377' title='bbox 773 4410 821 4460; x_wconf 89' lang='lat' dir='ltr'>the</span> <span class='ocrx_word' id='word_1_378' title='bbox 832 4408 892 4459; x_wconf 87' lang='grc'>1166.</span> 
     </span>
     <span class='ocr_line' id='line_1_38' title="bbox 320 4492 813 4564; baseline -0.016 -15"><span class='ocrx_word' id='word_1_379' title='bbox 320 4499 331 4532; x_wconf 82' lang='lat'>³</span> <span class='ocrx_word' id='word_1_380' title='bbox 349 4501 476 4564; x_wconf 70' lang='lat' dir='ltr'>quiescitis,</span> <span class='ocrx_word' id='word_1_381' title='bbox 491 4497 541 4546; x_wconf 90' lang='lat' dir='ltr'>but</span> <span class='ocrx_word' id='word_1_382' title='bbox 553 4495 620 4544; x_wconf 91' lang='lat' dir='ltr'>with</span> <span class='ocrx_word' id='word_1_383' title='bbox 633 4494 679 4544; x_wconf 91' lang='lat' dir='ltr'>the</span> <span class='ocrx_word' id='word_1_384' title='bbox 691 4509 703 4541; x_wconf 84' lang='lat' dir='ltr'>s</span> <span class='ocrx_word' id='word_1_385' title='bbox 716 4492 813 4542; x_wconf 84' lang='lat' dir='ltr'>erased.</span> 
     </span>
    </p>
   </div>
   <div class='ocr_carea' id='block_1_24' title="bbox 0 0 1438 5002">
    <p class='ocr_par' dir='ltr' id='par_1_25' title="bbox 0 0 1438 5002">
     <span class='ocr_line' id='line_1_39' title="bbox 0 0 1438 5002; baseline 0 1"><span class='ocrx_word' id='word_1_386' title='bbox 0 0 1438 5002; x_wconf 95' lang='lat' dir='ltr'> </span> 
     </span>
    </p>
   </div>
  </div>
 </body>
</html>
