2866 5002
158 509 220 566 268
340 517 613 571 OARTULARIUM
633 516 840 568 ABBATHIAE
859 517 909 568 DE
925 517 1125 573 WHITEBY.

156 704 231 747 cum
252 704 355 767 nuper
376 684 412 746 in
438 682 624 746 visitatione
650 687 759 745 nostra
789 689 996 764 compertum
1029 685 1203 750 exstiterat
1223 685 1288 770 quod

157 783 397 866 Religionum,
412 782 523 845 Abbas
538 787 571 845 et
587 781 687 845 Conv.
699 781 739 844 de
751 780 917 864 Whitehy,
929 782 1030 848 Ebor.
1048 784 1222 863 dioceseos,
1235 786 1291 850 eccl.

155 882 372 963 parochialem
394 881 434 944 de
465 882 623 963 Crcsseby
644 880 905 955 Ravenswarthe‚
928 890 1057 947 nostrae
1084 885 1293 962 dioceseos‚ir

154 1001 232 1044 usus
247 982 391 1064 proprios
402 980 568 1063 possident
583 985 680 1063 atque
691 983 812 1057 tenent,
824 986 936 1043 contra
946 981 1006 1064 jus
1020 1003 1218 1048 commune:
1238 1006 1294 1049 cun

154 1079 263 1162 itaque
293 1080 334 1142 ad
363 1079 602 1142 ostendendum
631 1085 664 1142 et
694 1077 914 1142 exhibendum
944 1081 1154 1146 canonicum
1183 1083 1296 1166 siquid

153 1178 326 1241 habuerint
356 1198 453 1260 super
481 1178 741 1260 appropriatione
771 1185 804 1241 et
831 1178 1018 1242 retentione
1047 1179 1154 1245 dietae
1176 1182 1296 1246 ecclesie

153 1278 292 1341 fuissent
307 1277 348 1340 ad
363 1283 467 1341 certos
483 1277 569 1340 diem
585 1282 618 1341 et
632 1277 740 1341 locum
762 1297 868 1341 coram
890 1277 986 1342 nobis
1011 1279 1170 1364 legitime
1185 1280 1297 1356 evocati,

154 1378 235 1440 dicti
249 1377 411 1460 Religion,
423 1377 519 1458 juxta
535 1377 672 1440 formam
692 1376 886 1440 evocationis
908 1376 1073 1459 ejusdem,
1089 1400 1154 1462 per
1168 1400 1297 1463 procura·

154 1482 257 1541 torem
279 1497 389 1540 eorum
411 1476 606 1540 sufficienter
636 1476 858 1553 const’tutum,
880 1495 989 1538 coram
1021 1479 1124 1542 nobis
1148 1500 1298 1563 comparu-

155 1581 259 1652 erunt,
269 1576 425 1658 expositis
435 1581 467 1639 et
477 1576 528 1658 obj
532 1576 611 1638 eatis
620 1575 706 1657 parti
720 1574 893 1638 eorundem
902 1574 1154 1658 Religiosorum
1166 1580 1297 1644 omnibus

155 1676 327 1757 praedictis,
342 1675 491 1756 factaque
514 1675 720 1757 responsione
743 1674 785 1736 ad
802 1694 847 1750 ea,
859 1674 1050 1756 juramento
1066 1676 1110 1740 de
1128 1678 1298 1762 calumpnia

154 1780 187 1838 et
203 1775 242 1838 de
256 1775 393 1838 veritate
409 1773 545 1837 dicenda
566 1774 720 1856 praestita
735 1772 869 1836 diversis
890 1772 1013 1837 litteris
1030 1781 1064 1839 et
1079 1777 1297 1842 instrumentis

155 1873 318 1950 exhibitis,
340 1873 478 1936 testibus
503 1873 637 1956 insuper
660 1892 717 1955 per
742 1877 867 1954 partem
891 1872 1043 1954 ipsorum
1069 1875 1297 1960 Religiosorun

153 1973 355 2049 introductis,
387 1972 506 2055 juratis
542 1976 575 2035 et
612 1972 942 2048 examinatis—Nos,
979 1971 1129 2038 Thomas
1170 1974 1297 2039 Karleol.

155 2074 333 2156 Episcopus
349 2072 541 2148 antedictus,
551 2071 628 2154 quia
642 2091 700 2154 per
710 2077 782 2135 acta
791 2091 897 2135 coram
908 2071 1004 2135 nobis
1017 2093 1122 2156 super
1132 2073 1296 2159 praemissis

153 2172 265 2236 habita
294 2172 508 2254 comperimus
535 2170 638 2234 dictos
664 2170 841 2255 Religiosos
866 2171 952 2235 viros
978 2171 1108 2237 dictam
1131 2174 1297 2250 ecclesiam,

155 2292 230 2334 oum
260 2272 326 2334 suis
359 2272 489 2354 juribus
526 2276 558 2334 et
594 2270 799 2353 pertinentiis
828 2269 998 2348 universis,
1028 2272 1137 2338 fuisse
1175 2283 1208 2339 et
1237 2295 1295 2339 esse

155 2370 328 2433 canonice1
355 2377 527 2447 assecutos,
548 2368 746 2453 ipsam[que]
773 2369 948 2447 ecclesiam,
969 2390 990 2433 a
1014 2377 1167 2456 tempore
1191 2380 1221 2439 et
1248 2394 1295 2457 per

153 2473 282 2550 tempus
298 2469 390 2550 cujus
413 2468 501 2531 initii
523 2469 677 2532 memoria
698 2468 867 2532 hominum
888 2489 955 2532 non
969 2470 1097 2549 existit,
1113 2475 1254 2538 tenuisse
1267 2478 1294 2536 et

153 2568 304 2631 habuisse
326 2573 359 2631 et
381 2569 533 2632 canonice
558 2568 758 2651 possedisse,2
774 2568 900 2632 eosdem
916 2568 1103 2653 Religiosos
1128 2573 1292 2656 predictam

153 2667 321 2732 ecclesiam
342 2668 379 2731 in
401 2669 546 2750 proprios
568 2688 646 2731 usus
669 2667 786 2732 habere
808 2668 930 2746 debere,
946 2672 979 2732 et
1005 2669 1139 2736 fructus
1162 2671 1291 2756 ejusdem

153 2769 316 2851 percipere
331 2773 364 2831 et
379 2767 415 2830 in
431 2788 507 2831 usus
523 2767 669 2850 proprios
688 2772 870 2832 convertere
892 2787 985 2850 posse
999 2773 1253 2851 pronuntiamus
1266 2776 1292 2834 et

153 2868 351 2931 declaramus
377 2867 413 2930 in
435 2866 499 2930 hiis
519 2867 657 2949 scriptis,
673 2887 710 2931 ac
723 2867 811 2950 ipsos
833 2867 1011 2951 Religiosos
1028 2870 1070 2934 ab
1086 2871 1291 2956 impetitione,

152 2969 376 3032 molestatione
413 2971 446 3031 et
482 2966 717 3049 inquietatione
747 2967 845 3032 officii
876 2967 966 3052 (100)
997 2972 1116 3049 nostri,
1147 2979 1289 3057 tanquan

151 3067 346 3130 sufficienter
374 3067 411 3128 in
443 3065 503 3128 hac
533 3066 685 3142 munitos,
713 3066 909 3130 absolvimus
946 3072 981 3130 et
1011 3068 1216 3138 dimittimus
1242 3091 1289 3156 per

150 3166 323 3229 decretum.
368 3165 410 3227 In
439 3164 531 3246 cujus
560 3164 607 3227 rei
636 3168 709 3228 test.
740 3165 796 3248 sig.
826 3169 974 3228 nostrum
1002 3170 1224 3249 presentibus
1250 3175 1289 3233 est

152 3284 336 3348 appensum.
382 3265 507 3327 Datum
532 3263 619 3346 apud
645 3264 826 3327 manerium
852 3268 1000 3328 nostrum
1023 3266 1065 3330 dc
1085 3268 1185 3348 Rose,
1198 3270 1287 3355 primo

151 3365 203 3427 die
232 3364 397 3427 Februarii
427 3364 467 3427 A.
497 3364 539 3427 D.
569 3362 743 3428 millesimo
772 3384 827 3429 ccc
857 3364 1053 3448 octogesimo
1083 3370 1236 3447 secundo,
1261 3373 1286 3431 et

151 3468 267 3526 nostrae
282 3463 530 3528 consecrationis
546 3462 707 3527 vicesimo,

442 3676 636 3740 CCCXVII.
660 3677 748 3739 Ain
762 3692 805 3739 nr
821 3675 1000 3741 Orossnnr.

193 3823 362 3887 Universis
400 3823 429 3887 S.
461 3824 506 3888 M.
539 3825 624 3889 Eccl.
659 3825 745 3902 filiis,
778 3825 819 3888 ad
850 3844 930 3907 quos
964 3845 1010 3907 pr.
1046 3826 1171 3894 litterae
1202 3849 1284 3914 pern,

149 3922 355 3999 Wfflelmus,³
371 3943 399 4004 p.
417 3923 445 3986 d.
462 3923 601 3988 Karleol.
617 3925 726 4008 Ep'us,
742 3945 765 3990 s.
780 3924 816 3987 in
829 3925 914 3987 D'no
930 3925 1174 4007 sempiternam.
1213 3929 1283 3994 cum

183 4072 193 4105 ¹
212 4075 350 4136 canonicos.
1012 4072 1024 4107 ²
1040 4077 1190 4140 possidium.

181 4155 192 4187 ³
211 4143 328 4206 William
347 4155 507 4216 Strickland‚
523 4172 553 4205 or
565 4157 720 4221 Styrkland‚
733 4157 834 4208 elected
846 4157 874 4208 in
889 4159 966 4219 1395,
978 4157 1031 4209 but
1049 4163 1099 4211 not
1117 4159 1283 4218 consecrated,

146 4240 192 4288 the
205 4239 317 4289 election
330 4239 408 4305 being
420 4239 540 4305 quashed
551 4239 588 4304 by
597 4239 644 4290 the
657 4241 736 4306 Pope,
747 4242 800 4292 and
812 4241 913 4292 Robert
925 4241 1023 4305 Reade,
1034 4243 1139 4311 Bishop
1152 4246 1181 4296 oi
1192 4245 1283 4295 11111101-

146 4321 206 4371 ford
227 4322 280 4371 and
301 4322 424 4386 Lismore,
445 4322 593 4374 translated
612 4327 641 4374 to
661 4324 778 4376 Oarlisla.
817 4324 860 4374 He
879 4340 933 4374 was
954 4327 1104 4378 succeeded
1126 4328 1164 4395 by
1182 4329 1284 4379 Thomu

148 4403 253 4453 Merkes
266 4405 293 4453 in
308 4403 382 4466 1397,
396 4406 456 4455 who
468 4423 523 4456 was
542 4406 657 4471 deposed
675 4405 718 4456 ior
735 4406 800 4474 high
817 4411 925 4459 treason
936 4407 966 4457 in
981 4409 1060 4462 1398.
1100 4411 1145 4462 011
1156 4412 1204 4463 the
1215 4413 1283 4477 depo·

146 4487 224 4538 sition
246 4488 273 4536 oi
295 4487 405 4548 alerkes,
425 4489 543 4539 William
566 4489 718 4540 Strickland
736 4507 791 4542 was
809 4490 953 4557 appointed
971 4494 1002 4542 to
1021 4492 1136 4546 Carliale
1158 4496 1195 4563 by
1213 4492 1284 4560 Pepal
