2866 5002
249 158 289 213 41
435 166 711 220 OARTULARIUM
730 169 934 220 ABBATHIAE
952 170 1002 220 DE
1019 169 1209 222 WHITEBY.

296 454 457 519 XXXIX.
482 456 712 519 Oonrrausrro
728 454 1078 519 Hucon1s¹Er1scorr
1094 456 1341 521 Oanmonrnsrs.

294 618 453 682 Omnibus
470 617 592 681 Christi
607 617 756 681 fidelibus
772 618 812 681 ad
835 638 914 701 quos
937 639 983 702 pr.
1000 639 1058 682 scr.
1073 621 1268 702 pervenerit,
1282 621 1376 704 Hugo,

249 718 290 780 D.
308 718 344 781 G.
362 716 581 779 Karleolensis
602 716 711 799 Ep’uS,
726 716 865 781 salutem
890 718 926 780 in
953 718 1102 781 Domino.
1150 719 1234 782 Cum
1261 719 1303 783 ad
1325 719 1377 783 sol-

249 816 451 881 licitudinem
463 815 623 898 pertineat
639 815 856 898 episcopalem
866 817 941 900 jura
952 817 1192 901 Religiosorum
1203 838 1379 882 conservare

248 915 453 990 illaesa‚ac,ex
465 914 597 996 pietatis
613 912 945 998 officio,redintegrare
961 916 1131 992 confracta,
1145 916 1174 999 (1
1186 916 1231 1001 (ὓ)
1248 918 1381 1000 ipsorum

249 1021 397 1077 tenemur
415 1013 488 1095 jura
510 1013 700 1096 propensius
723 1014 891 1078 confovere
912 1015 948 1078 in
970 1015 1088 1099 quibus
1111 1016 1288 1099 disciplina
1303 1018 1383 1100 viget

249 1111 412 1196 regularis,
436 1110 667 1193 hospitalitatis
693 1111 796 1195 gratia
821 1117 977 1178 servatur.
1022 1111 1125 1177 Haec²
1150 1121 1291 1198 propter,
1317 1136 1384 1179 curn

251 1211 406 1294 Magister
419 1210 581 1273 Ernaldus
606 1210 645 1273 de
667 1210 818 1286 Auclind,
833 1211 891 1294 qui
913 1211 987 1275 eccl.
1004 1212 1044 1275 de
1068 1212 1227 1296 Crosseby
1244 1213 1382 1278 Ravana-

250 1315 338 1386 wart,
353 1309 392 1372 de
409 1309 580 1371 donatione
596 1309 619 1372 J
620 1309 766 1385 ohannis,
781 1308 919 1373 illustris
941 1311 1038 1395 Regis
1061 1310 1251 1394 Anglorum,
1267 1313 1384 1376 ratione

251 1408 404 1473 custodiae
422 1408 570 1471 Abbatiae
595 1407 635 1471 de
658 1408 803 1491 Wyteby'
829 1414 986 1487 tenuerat,
1008 1410 1045 1472 in
1074 1410 1142 1473 fata
1172 1413 1384 1489 concessisset,

251 1509 443 1573 venerabilis
472 1507 522 1570 vir
543 1506 719 1585 Johannes,
748 1507 857 1572 Abbas
888 1508 928 1572 de
958 1509 1109 1593 wyteby,
1134 1516 1276 1574 cartam·
1297 1513 1383 1576 bona

250 1610 412 1673 memoriae
431 1607 648 1691 E[delwoldi]‚
662 1607 904 1690 praedeeessoris
930 1609 1041 1685 nostri,
1056 1617 1090 1672 et
1113 1609 1384 1675 confirmationem

249 1708 352 1772 felicis
367 1706 596 1771 recordationis
612 1706 756 1790 R[ogeri]
769 1706 933 1790 Archiep’i
947 1708 1039 1771 Ebor.
1052 1708 1147 1772 nobis
1162 1709 1322 1787 exhibuit,
1332 1709 1383 1793 qui

250 1807 325 1871 eccl.
341 1807 549 1890 praelibatam,
564 1826 639 1870 cum
654 1806 803 1870 omnibus
827 1806 1033 1889 pertinentiis
1048 1809 1125 1884 suis,
1141 1808 1341 1874 Monasterio
1356 1811 1382 1874 S.

251 1907 340 1971 Petri
355 1912 387 1970 et
399 1906 429 1971 S.
441 1906 561 1989 Hyldae
573 1905 612 1969 de
625 1906 776 1989 Wyteby,
786 1912 819 1970 et
831 1905 1001 1971 Monachis
1015 1907 1091 1972 ibid
1108 1929 1199 1986 seru,
1208 1911 1386 1976 concedunt

251 2013 285 2071 et
299 2005 508 2085 confirmant3
530 2025 657 2069 necnon
672 2011 704 2068 et
719 2010 840 2069 cartam
855 2005 996 2083 Roberti,
1010 2012 1090 2070 tunc
1105 2011 1261 2093 temporis
1276 2010 1385 2074 Archi·

251 2104 386 2182 diaconi,
419 2105 477 2187 qui
499 2124 552 2168 eos
575 2105 611 2167 in
637 2105 834 2188 corporalem
856 2105 1090 2188 possessionem
1116 2106 1294 2173 induxerat
1315 2109 1387 2173 eccl.

250 2209 441 2282 memoratae,
466 2203 633 2267 humiliter
657 2204 844 2286 supplicans
867 2209 900 2268 et
927 2204 1041 2269 devote
1068 2211 1107 2269 ut
1129 2208 1385 2289 permitteremus

250 2305 379 2369 eosdem
408 2303 482 2368 eccl.
513 2303 714 2386 praelibatam
743 2303 875 2386 pacifice
904 2304 1076 2386 possidere,
1098 2305 1266 2384 asserens,8
1293 2308 1385 2392 quod,

251 2410 386 2468 vacante
409 2401 552 2466 Ecclesia
578 2402 617 2466 de
639 2402 791 2485 Wyteby,
816 2402 921 2467 dictus
947 2403 1103 2487 Magister
1125 2404 1288 2471 Ernaldus
1314 2407 1385 2470 eccl.

251 2504 434 2587 optinuerat
456 2508 665 2566 memoratam
678 2503 808 2578 z—Nos,
822 2503 931 2586 igitur,
946 2503 1150 2568 attendentes
1166 2504 1334 2570 ecclesiam
1347 2506 1383 2569 de

251 2603 408 2685 Crcsseby
424 2602 633 2665 Ravenswart
658 2601 699 2664 ad
725 2601 888 2665 Abbatem
914 2607 948 2666 et
973 2602 1151 2667 Monachus
1178 2604 1217 2668 de
1245 2606 1384 2689 Wyaeby

249 2704 409 2788 pertinere
423 2700 519 2784 pleno
531 2701 612 2783 jure,
622 2700 765 2783 ipsorum
780 2701 1010 2785 indempnitati
1025 2707 1158 2785 paterno
1174 2704 1293 2768 affectu
1308 2725 1383 2787 pree-

251 2808 411 2877 caventes,
432 2821 474 2864 ne
498 2800 544 2864 eis
568 2805 714 2863 vertatur
735 2801 771 2863 in
792 2801 1018 2884 praejudicium
1043 2801 1131 2884 quod
1156 2803 1232 2867 eccl.
1256 2825 1384 2887 praemc-

251 2907 374 2966 morata
404 2900 490 2964 dicto
521 2900 679 2984 Magistro
705 2900 847 2964 Ernaldo
876 2901 975 2965 fuerit
1005 2920 1164 2978 concessa,
1194 2907 1228 2966 et
1266 2903 1384 2967 diutius

251 3021 396 3086 possessa
426 3001 466 3064 ab
496 2999 616 3076 eodem,
655 3000 742 3082 quod
766 3000 897 3083 quidem
926 3000 963 3063 in
1001 3001 1153 3065 Ecclesiae
1183 3002 1223 3066 de
1246 3003 1384 3087 Wyteby

251 3121 414 3167 enormem
442 3099 612 3163 videbatur
652 3100 829 3164 redundare
866 3099 1039 3176 laesionem,
1067 3101 1305 3184 possessionem
1341 3122 1385 3165 ec·

251 3201 356 3267 clesiae
371 3219 540 3283 praemem,
556 3219 629 3263 cum
645 3200 712 3263 suis
727 3199 942 3283 pertinentiis,
964 3200 1004 3264 de
1018 3201 1162 3264 virorum
1177 3201 1383 3266 discretorum

250 3301 384 3366 consilio
400 3319 436 3363 ao
460 3298 605 3381 Capituli
627 3298 728 3362 nostri
744 3319 886 3376 assensu,
900 3298 1200 3383 redintegravimus,
1214 3301 1385 3383 praedeces·

250 3402 330 3466 soris
346 3399 446 3462 nostri
462 3397 647 3463 inhaerendo
662 3398 818 3482 vestigiis,
833 3398 938 3481 ipsam
961 3400 1046 3476 eccl,
1062 3420 1137 3463 cum
1151 3399 1221 3464 suis
1245 3407 1336 3484 pert,
1351 3401 1384 3463 in

251 3521 330 3566 usus
356 3498 501 3582 proprios
527 3498 648 3562 eisdem
673 3499 893 3575 concedentes
909 3504 949 3576 et,
972 3519 1013 3562 ne
1037 3498 1175 3582 alicujus
1197 3500 1384 3584 tergiversa-

251 3601 340 3665 tione
365 3598 419 3661 vel
444 3598 597 3673 versutia,
619 3598 684 3681 jus,
714 3599 800 3681 quod
826 3598 1009 3663 habuerunt
1033 3604 1067 3662 et
1095 3598 1219 3663 habent
1249 3600 1286 3664 in
1315 3601 1388 3665 eccl.

251 3702 428 3764 memorata
458 3696 614 3760 Monachi
642 3698 811 3781 praelibati,
841 3698 877 3761 in
915 3698 1050 3762 dubium
1075 3698 1184 3763 valeat
1214 3699 1257 3764 de
1286 3707 1386 3765 cetero

251 3797 407 3875 devocari,
423 3817 513 3880 praes.
529 3797 662 3874 litterae,
678 3797 783 3880 sigillo
798 3803 909 3862 nostro
924 3798 1076 3875 munitas,
1091 3798 1214 3862 eisdem
1231 3802 1386 3866 concessi-

252 3918 333 3973 mus,
356 3896 568 3979 approbantes
592 3901 625 3959 et
647 3896 874 3961 confirmantes
896 3902 934 3960 ut
964 3897 1120 3961 Monachi
1152 3898 1319 3980 praelibati
1341 3922 1387 3964 ec-

287 4034 297 4066 ¹
316 4033 405 4099 Hugh,
419 4033 547 4097 formerly
558 4032 650 4085 Abbot
663 4034 691 4085 of
709 4033 842 4097 Beaulieu,
860 4036 1020 4089 1219-1223.
1057 4035 1101 4086 He
1112 4034 1175 4086 died
1193 4039 1222 4086 at
1235 4037 1284 4088 the
1297 4038 1390 4104 Ahbey

250 4119 279 4168 oi
291 4117 426 4178 LaFerte,
440 4117 468 4166 in
481 4115 635 4182 Burgundy.
879 4114 951 4170 'Ea
1197 4117 1354 4174 ³assarons.
