2866 5002
216 505 488 559 CARTULARIUM
505 506 709 557 ABBATHIAE
727 507 775 558 DE
792 506 977 560 WHITEBY.
1128 496 1167 557 27

10 514 14 619 i

42 670 191 755 Bagesum
221 671 396 755 Ohapman,
427 670 613 736 Johannem
639 671 816 754 Chapman,
841 672 957 749 Adam,
983 674 1006 737 J
1008 673 1167 737 ohannem

18 758 21 765 ⁴
39 770 142 848 Peche,
158 771 372 835 Laurentium
389 770 448 854 [et]
465 772 488 835 J
490 771 649 834 ohannem
672 770 726 834 (161
749 771 862 847 Graue,
878 772 901 836 J
902 771 1063 836 ohannem
1086 774 1168 836 Hal-

10 861 12 868 ’
38 890 112 946 man,
128 871 337 934 Willelmum
350 869 467 952 Alkys,
482 867 677 952 dampnum1
698 889 757 933 sua
779 871 932 953 praedicta
946 872 988 934 ad
1002 873 1119 956 viginti
1134 880 1167 936 et

34 975 91 1034 tras
102 970 205 1034 libras
221 989 334 1034 versus
349 990 403 1033 eos
417 989 521 1053 perse
536 989 658 1033 assessu
673 968 856 1033 occasione²
870 972 1165 1055 transgressionum.

33 1071 125 1145 Unde,
150 1070 217 1153 ipsi
238 1091 297 1152 per
321 1090 356 1133 se
381 1090 439 1152 per
458 1071 680 1151 juramentum
709 1067 841 1151 patriae³
867 1075 900 1133 et
921 1091 978 1153 per
1004 1072 1165 1154 judicium

30 1169 171 1234 convicti
186 1180 272 1233 sunt.
317 1169 362 1230 Et
375 1168 522 1252 praedicti
537 1167 722 1231 WiHelmus
745 1168 841 1245 Brok‚
857 1173 889 1231 et
910 1190 1020 1234 omnes
1042 1192 1165 1254 praeno-

28 1269 153 1346 minati,
169 1268 347 1352 capiantur,
362 1274 420 1332 etc.
466 1269 510 1330 Et
524 1267 674 1331 similiter
688 1267 785 1349 praed.
801 1268 909 1331 Abbas
931 1269 968 1332 in
989 1270 1166 1335 misericor-

27 1368 79 1432 dia
93 1389 155 1453 pro
182 1419 188 1432 .
213 1417 220 1431 .
243 1417 250 1432 .
273 1367 423 1430 4clanreo
439 1387 497 1431 suo
512 1367 619 1450 quoad
633 1367 798 1431 residuum
812 1370 1070 1451 transgressionis
1086 1392 1165 1454 prae-

25 1468 130 1532 dictae.
170 1467 268 1531 Unde
277 1467 450 1550 praedictus
460 1466 647 1531 Willelmus
657 1467 744 1529 Brok
755 1472 788 1528 et
799 1487 908 1530 omnes
920 1468 976 1530 alii
991 1471 1166 1552 acquietati

26 1574 103 1632 sunt
119 1574 155 1632 et
177 1567 241 1650 ipsi
261 1572 337 1631 eant
351 1567 427 1631 inde
443 1567 513 1630 sine
528 1566 589 1643 die,
605 1571 664 1630 etc.
709 1567 834 1642 Postea,
850 1567 973 1631 scilicet
987 1567 1022 1630 in
1043 1570 1165 1633 octavis

27 1666 270 1730 Purificationis
301 1666 408 1728 Beatae
438 1665 561 1740 Mariae,
591 1685 676 1727 anno
702 1684 872 1747 regnorum
902 1666 1038 1729 Domini
1067 1668 1164 1750 Regis

30 1766 73 1847 (7)
84 1786 176 1829 nunc
192 1769 314 1840 octavo,
329 1765 420 1828 venit
434 1763 531 1846 praed.
545 1762 658 1826 Abbas
674 1783 733 1845 per
747 1767 947 1826 attornatum
958 1784 1054 1826 suum
1068 1765 1164 1847 praed.

29 1872 61 1928 et
86 1865 168 1928 dicit
184 1863 271 1946 quod
286 1862 488 1926 satisfactum
512 1867 561 1925 est
584 1861 615 1932 ei
638 1860 676 1924 de
699 1861 849 1943 dampnis
871 1861 1041 1943 praedictis
1088 1863 1164 1926 Ideo

30 1965 177 2048 praedicti
192 1963 389 2026 Willielnrus
405 1961 502 2036 Brok,
511 1967 543 2024 et
558 1981 667 2024 omnes
684 1960 743 2023 alii
758 1965 835 2024 eant
850 1960 927 2023 inde
942 1961 1013 2024 sine
1030 1961 1090 2038 die,
1105 1969 1163 2026 etc.

31 2063 71 2126 Et
86 2064 164 2146 quia
179 2062 386 2145 transgressio
401 2061 554 2143 praedicta
569 2061 654 2123 facta
669 2061 732 2122 fuit
747 2060 805 2122 diu
831 2066 906 2122 ante
932 2060 1098 2124 Statutum
1125 2062 1164 2125 de

31 2162 258 2245 perdonatione
273 2161 459 2245 hujusmodi
470 2160 758 2244 transgressionum
769 2160 891 2223 factum
901 2161 936 2222 in
948 2161 1165 2224 Parliamento

34 2260 163 2326 Domini
185 2263 283 2347 Regis
305 2281 400 2337 nunc,
415 2261 487 2323 ideo
510 2260 656 2343 praedicti
677 2259 864 2323 Willelmus
888 2260 976 2322 Brok
998 2268 1031 2323 et
1053 2281 1164 2324 omnes

38 2361 86 2425 alii
109 2362 338 2445 praenominati
362 2366 437 2424 eant
463 2361 539 2423 inde
566 2359 670 2442 quieti
692 2360 814 2441 absque
839 2359 902 2423 fine
926 2381 1001 2423 cum
1022 2360 1163 2424 Domino

38 2459 113 2545 Rege
143 2460 322 2525 occasione⁵
344 2459 633 2542 transgressionum
662 2458 895 2540 praedictarum.
949 2459 1165 2524 Faciendum⁶

38 2565 84 2624 etc.
106 2567 144 2624 ut
167 2561 203 2623 in
230 2561 371 2642 quodam
394 2558 513 2622 Rutulo
536 2558 572 2621 in
595 2557 804 2621 Thesaurario
827 2578 901 2620 cum
924 2558 1096 2622 evidentiis
1123 2559 1163 2623 de

40 2655 250 2743 Ugylbardby.

111 2856 256 2923 xxiva
278 2857 337 2940 [Μ.
356 2855 412 2920 rab
429 2856 523 2941 ab]

66 3012 140 3074 Hoc
164 3008 320 3090 scriptum
335 3004 589 3090 cyrografatum8
611 3011 749 3070 testatur
764 3007 850 3089 quod
873 3027 939 3083 nos,
955 3006 1162 3084 Willelmus,9

27 3105 85 3174 Dei
109 3110 165 3173 Gr.
182 3107 294 3169 Abbas
318 3106 357 3170 de
380 3107 546 3188 Whiteby‚
570 3111 602 3169 et
625 3106 769 3190 ejusdem
790 3107 855 3169 loci
878 3107 1072 3183 Conventus,
1087 3128 1161 3170 con-

23 3210 179 3273 cessimus
195 3206 313 3269 dilecto
328 3211 437 3268 nostro
459 3205 481 3267 J
483 3205 604 3268 ohanni
628 3205 730 3269 Barda
740 3205 765 3242 1⁰
787 3205 991 3268 rationabilia
1007 3207 1161 3270 estoveria

21 3305 55 3371 in
72 3309 171 3370 bosco
181 3311 290 3367 nostro
306 3303 345 3367 de
361 3304 494 3366 Yburne
509 3325 565 3386 per
579 3304 687 3366 visum
708 3310 740 3367 et
761 3304 983 3366 liberationem
1005 3305 1161 3368 forestarii

17 3408 124 3471 nostri
152 3406 188 3467 in
215 3409 283 3467 tota
308 3403 377 3465 vita
401 3423 460 3465 sua
487 3403 527 3465 ad
554 3403 778 3467 aedificandum
801 3404 979 3466 manerium
1001 3426 1097 3468 suum
1126 3406 1161 3469 in

52 3535 62 3566 ¹
84 3531 122 3582 So
136 3531 247 3580 written
260 3529 302 3579 for
315 3528 361 3578 the
374 3528 471 3578 second
482 3528 555 3578 time.
781 3524 792 3557 ²
810 3531 945 3581 occasione.

53 3613 65 3648 ³
85 3612 210 3662 Written
222 3609 327 3660 Jurom'
338 3609 412 3674 p'rie.
784 3607 794 3640 ⁴
813 3610 1159 3679 Uncertain—writtenflo.

53 3695 66 3730 ⁵
86 3695 209 3745 Written
223 3701 307 3745 accoe.
783 3690 794 3724 ⁶
812 3693 862 3747 Ita.

52 3777 64 3812 7
85 3777 153 3827 This
171 3775 194 3825 is
214 3792 248 3825 an
266 3775 395 3825 insertion
407 3774 436 3824 in
454 3774 502 3825 the
520 3790 590 3824 same
609 3774 789 3840 handwriting
807 3792 835 3824 as
854 3776 917 3826 Nos.
932 3780 973 3840 20,
989 3781 1031 3840 21,
1043 3780 1096 3829 and
1115 3783 1158 3842 22,

15 3863 73 3913 and
85 3858 183 3912 stands
191 3859 228 3924 by
241 3858 320 3908 itself.

53 3944 64 3978 ⁸
84 3945 122 3996 M.
138 3943 345 4008 cirograffatum.

52 4026 65 4060 ⁹
84 4026 205 4076 William
218 4026 251 4075 de
264 4025 404 4085 Kirkham,
424 4023 516 4074 Abbot
535 4039 571 4088 up
583 4028 612 4074 to
627 4025 702 4085 1304,
722 4024 823 4091 having
841 4026 984 4075 succeeded
1005 4026 1107 4076 Robert
1126 4029 1159 4079 de

20 4110 160 4177 Langtoft,
175 4109 235 4159 who
247 4109 309 4159 died
322 4109 350 4157 in
365 4109 441 4162 1278.

57 4193 78 4227 ¹⁰
97 4195 135 4244 M.
156 4193 232 4245 Bard.
271 4191 343 4242 John
356 4191 442 4241 Barda
454 4192 477 4241 is
496 4191 605 4242 witness
617 4195 646 4241 to
664 4207 680 4240 a
692 4191 876 4243 confirmation
885 4191 921 4256 by
930 4192 1012 4241 Henr.
1026 4190 1062 4242 fil.
1076 4191 1158 4242 Henr.

23 4280 55 4328 de
72 4280 155 4343 Percy
170 4278 216 4340 (M.
232 4277 283 4338 81³3
302 4277 379 4336 inira,
401 4276 450 4330 Νο.
470 4279 541 4339 405),
564 4276 645 4326 dated
665 4278 751 4338 1308;
771 4276 823 4326 and
841 4277 910 4324 from
927 4291 943 4323 a
960 4274 1158 4326 memorandum

27 4379 56 4410 on
68 4362 86 4412 1.
99 4365 163 4413 1131)
176 4361 204 4411 of
213 4361 261 4410 the
273 4376 344 4409 same
357 4360 424 4421 MS„
439 4360 462 4411 it
474 4376 585 4426 appears
597 4360 658 4411 that
669 4360 703 4411 he
720 4360 784 4410 held
803 4376 852 4409 one
870 4362 992 4409 carucata
1009 4357 1037 4406 in
1056 4357 1160 4423 anton

29 4446 52 4493 oi
62 4447 107 4496 the
120 4446 161 4496 166
174 4444 202 4496 61
215 4447 305 4508 Roget
316 4443 416 4508 Bygod.
