2910 5002
169 509 232 567 254
353 515 624 571 CARTULARIUM
641 514 845 567 ABBATHIAE
863 515 1132 569 Ι)Ε111111’1’1111Ῡ.Δ

167 682 291 747 laborat
310 682 431 746 ibidem
453 681 584 764 publica
600 700 662 744 vox
684 686 717 744 et
737 679 832 745 fama
877 679 983 758 Quare
1005 681 1092 765 petit
1106 681 1215 747 dictus
1234 703 1296 766 pro·

168 786 302 859 cumton,
311 781 441 845 nomine
453 799 517 862 quo
527 799 624 862 supra
635 779 789 861 probatur
798 779 834 843 in
845 778 905 843 hoc
916 799 993 844 casu
1004 778 1046 843 de
1055 780 1133 863 jure
1143 781 1297 865 probandi

167 880 293 944 dictum
321 879 501 943 Dominum
523 879 699 942 Robertum
725 877 893 942 Vioarium
914 879 955 942 ad
981 879 1189 962 agnoscenda
1214 900 1299 945 onera

167 978 417 1042 extraordinaria
446 976 629 1060 supradicta
654 996 712 1060 pro
741 982 857 1061 quarta
884 983 976 1060 parte
1004 977 1186 1043 taxationis
1215 979 1300 1044 dicte

36 1100 41 1107 ·
167 1077 310 1141 ecclesiae
325 1077 366 1141 de
381 1076 499 1153 Semar,
515 1095 642 1139 necnon
656 1075 697 1138 sd
713 1075 931 1158 praestandum
946 1082 979 1140 et
1000 1076 1201 1141 solvendum
1215 1078 1300 1143 dictis

167 1175 347 1259 Religiosis,
362 1175 502 1239 dominis
527 1173 602 1251 suis,
617 1173 675 1256 qui
695 1172 735 1237 de
756 1173 852 1237 totali
873 1194 967 1239 onere
985 1175 1146 1257 praedicto
1168 1176 1300 1242 Domino

167 1279 277 1337 nostro
292 1273 380 1357 Regi,
395 1278 434 1336 ut
455 1273 632 1357 praefertur,
646 1291 806 1348 concesso,
819 1272 925 1355 ipsam
943 1272 1116 1337 ecclesiam
1139 1274 1182 1339 de
1203 1276 1301 1340 Semsr

167 1380 386 1448 concemente,
401 1372 632 1448 satisfecenrnt,
646 1391 705 1454 per
717 1390 785 1447 vos,
795 1370 924 1436 domine
938 1371 962 1435 J
962 1371 1058 1449 udex,
1070 1375 1301 1439 sententialiter

167 1475 201 1534 et
226 1471 398 1535 diffinitive
424 1469 662 1553 condempnari,
688 1473 722 1534 et
745 1469 1017 1552 condempnatum
1040 1470 1087 1535 ad
1113 1470 1299 1538 solutionem

168 1570 263 1634 dictae
282 1575 406 1653 quartae
425 1569 526 1653 partis
544 1569 649 1633 oneris
672 1568 829 1653 praedicti,
843 1567 884 1633 de
905 1589 970 1652 qua
990 1574 1042 1634 est
1059 1569 1152 1636 dicto
1167 1571 1299 1636 Domino

166 1671 247 1753 Regi
262 1691 318 1753 per
340 1669 442 1733 dictos
465 1668 651 1752 Religiosos,
665 1672 704 1731 ut
717 1666 934 1751 praemittitur,
955 1668 1173 1748 satisfactum,
1188 1673 1298 1737 eisdem

166 1769 336 1852 Religionis
350 1767 539 1844 faciendam,
555 1767 707 1832 canonice
722 1767 873 1851 compelli
887 1772 920 1832 et
933 1766 1106 1847 coherceri,
1121 1777 1157 1835 et
1172 1771 1312 1855 11111111

166 1867 229 1931 sibi
243 1869 312 1932 fieri
325 1868 361 1931 in
375 1867 549 1951 praemissis
564 1873 597 1930 et
611 1886 649 1930 11
660 1866 921 1951 contingentibus
936 1867 972 1930 in
986 1869 1142 1934 omnibus
1159 1871 1248 1954 qnod
1257 1876 1298 1936 est

162 1965 296 2048 justum.
342 1967 422 2030 Haeo
434 1965 514 2029 dicit
529 1969 562 2030 et
576 1964 667 2048 petit,
679 1971 712 2029 et
726 1966 860 2049 probare
874 1965 1016 2031 intendit
1029 1966 1142 2033 dictus
1158 1988 1297 2052 procura·

165 2074 216 2129 tor
239 2066 369 2130 nomine
391 2086 456 2149 quo
477 2084 583 2148 supra,
605 2064 805 2148 conjunctim
827 2070 861 2128 et
881 2064 1021 2142 divisim,
1040 2066 1128 2149 juris
1150 2068 1296 2135 beneficio

164 2165 227 2229 sibi
241 2166 278 2229 in
292 2165 441 2229 omnibns
463 2184 589 2247 semper
603 2163 709 2243 salvo;
729 2164 852 2247 liteque
867 2164 1063 2230 adeundam
1082 2165 1237 2232 libellum
1249 2188 1296 2253 per

164 2263 285 2328 dictam
299 2269 424 2346 partem
438 2283 525 2327 ream
540 2261 646 2325 verbis
666 2260 845 2345 negationis
859 2268 1046 2340 contestato,
1062 2284 1103 2329 ao
1118 2265 1296 2348 juramento

164 2361 205 2426 de
227 2361 411 2443 calumpnia
433 2367 466 2424 et
486 2361 525 2424 de
540 2360 677 2425 veritate
699 2361 836 2426 dicenda
857 2361 933 2426 hinc
948 2367 982 2426 et
996 2361 1075 2427 inde
1096 2366 1296 2447 praestitoso

163 2461 290 2525 traditis
305 2481 363 2544 per
377 2460 496 2524 dictam
510 2465 635 2543 partem
650 2460 800 2525 actricem
821 2460 1035 2544 positionibus
1049 2469 1086 2527 et
1100 2464 1257 2544 articulis,
1269 2472 1295 2531 at

163 2560 281 2624 secutis
292 2559 552 2643 responsionibus
567 2580 625 2643 per
638 2560 759 2624 dictam
773 2568 898 2644 partem
912 2581 999 2625 ream
1014 2561 1056 2626 ad
1071 2564 1209 2630 easdem
1221 2566 1294 2650 posi·

161 2659 266 2722 tiones
282 2678 318 2721 ac
333 2657 568 2722 ordinationem
582 2658 677 2722 dictae
691 2659 819 2722 vicariea
834 2659 874 2723 de
889 2660 999 2724 Semar
1011 2680 1071 2745 per
1086 2662 1215 2729 dictam
1233 2685 1294 2750 pur·

161 2764 229 2822 tem
244 2757 393 2822 actricem
410 2758 446 2820 in
461 2757 642 2822 subsidium
663 2757 861 2840 probationis
876 2779 952 2836 suae,
969 2760 1177 2843 judicialiter
1198 2785 1294 2830 eoram

161 2857 254 2922 nobis
265 2857 428 2941 productis
440 2863 473 2921 et
482 2856 644 2932 exhibitis,
653 2863 686 2920 et
697 2857 788 2940 copia
797 2858 941 2941 ejusdem
952 2859 1294 2942 partireaedecmtaet

160 2956 314 3021 termino1
330 2957 371 3020 ad
385 2955 592 3040 proponenda
603 2955 711 3019 omnia
725 2955 761 3019 in
772 2956 856 3020 facto
868 2957 1077 3023 consistentia
1088 2960 1191 3028 dictis
1204 2962 1293 3048 parti·

160 3055 221 3119 bus
243 3076 300 3138 per
321 3076 379 3119 nos
402 3055 532 3138 praefixo
554 3060 588 3117 et
609 3054 780 3137 assignato,
805 3055 886 3138 (orb)
911 3055 1014 3120 nichil
1034 3061 1151 3124 tamen
1173 3061 1211 3125 in
1232 3062 1295 3146 ipso

159 3155 298 3219 termino
327 3153 519 3218 adveniente
546 3153 633 3217 dicto
661 3153 715 3217 vel
740 3155 912 3238 proposito,
933 3154 1133 3241 demumque
1164 3160 1204 3224 in
1231 3162 1295 3247 ipsa

160 3272 256 3316 causa
267 3253 426 3330 concluso,
436 3257 468 3316 11
479 3252 616 3316 termino
626 3251 667 3315 ad
681 3252 876 3317 audiendam
885 3255 1080 3319 sententiam
1087 3256 1295 3325 diffinitivam

159 3373 216 3435 per
241 3372 298 3415 nos
323 3352 418 3416 dictis
441 3351 587 3434 partibus
611 3351 741 3434 praefixo
757 3358 791 3416 et
814 3353 983 3437 assignato,
1006 3355 1043 3417 in
1068 3376 1138 3439 quo
1162 3361 1296 3425 termino

158 3451 302 3533 partibus
317 3449 479 3532 praedictis
489 3470 547 3532 per
560 3455 778 3532 procuratores
789 3471 863 3516 suos
875 3451 1075 3536 supradictos
1083 3459 1296 3524 mramnobis

158 3548 339 3632 injudicio
368 3549 767 3631 comparentibus—Nos,
797 3547 1073 3638 Oo[m]missarius
1102 3556 1296 3635 antedictus,

158 3648 282 3713 rimatis
298 3647 399 3731 ipsius
415 3668 518 3711 causae
532 3649 655 3713 meritis
671 3656 704 3713 et
724 3649 912 3733 adplenum
926 3650 1091 3730 discussis,
1105 3652 1151 3719 de
1165 3656 1296 3721 oonsilio

154 3747 414 3833 jurisperitorum
442 3747 536 3812 nobis
565 3748 796 3826 assistentium,
825 3749 975 3814 invocata
1008 3749 1156 3834 Spiritus
1189 3755 1297 3821 Sancti

156 3849 268 3933 gratia,
282 3848 324 3912 ad
339 3848 534 3912 sententiam
544 3846 752 3912 diffinitivam
766 3847 802 3911 in
813 3868 909 3913 causa
922 3849 1077 3933 praedicta
1091 3855 1296 3935 procedimus

155 3950 192 4012 in
215 3949 303 4013 hunc
327 3946 459 4010 modum
472 3946 609 4024 2—Quia
632 3947 818 4012 invenimus
844 3947 966 4012 dictam
990 3954 1119 4032 partem
1146 3956 1297 4022 actricem
1334 3964 1336 4047 1

156 4048 371 4113 intentionem
393 4067 485 4110 suam
507 4067 611 4111 coram
635 4047 728 4111 nobis
748 4047 784 4110 in
803 4047 928 4130 judicio
949 4047 1136 4129 deductam,
1151 4059 1225 4120 tam
1245 4075 1297 4141 per

156 4148 387 4211 confessionem
396 4147 490 4211 dictae
504 4147 605 4230 partis
614 4166 683 4223 reae,
693 4167 791 4229 quam
800 4168 858 4230 per
867 4147 931 4211 alia
946 4147 1144 4215 documenta
1153 4153 1297 4240 legitima
1334 4118 1336 4189 i

156 4266 262 4310 coram
283 4247 376 4311 nobis
396 4246 593 4330 judicialiter
615 4245 768 4322 exhibita,
787 4246 983 4311 sufficienter
1003 4248 1209 4332 probavisse,
1222 4274 1297 4340 prae·

154 4346 258 4409 fatum
270 4348 448 4411 Dominum
464 4347 648 4423 Robertum,
657 4346 816 4410 vicarium
827 4346 969 4412 ecclesiae
981 4346 1021 4412 de
1032 4346 1161 4431 Semar,
1175 4360 1297 4439 partem

646 4469 656 4503 ¹
675 4468 799 4522 1111111111
