2866 5002
222 543 227 552 ·
250 510 520 564 CAR'PULARIUM
538 510 740 562 ABBATHIAE
758 511 808 562 lm
826 510 1011 561 WHITEBY.
1139 499 1202 558 335

15 718 23 759 ÷
61 674 214 741 Domino.
259 674 424 740 Noveritis
438 695 506 753 nos,
520 675 639 740 nostris
654 673 819 740 communi
832 679 866 739 et
880 673 1028 738 unanimi
1045 693 1205 738 consensu

61 777 98 839 st
122 793 265 851 assensu,
286 793 344 857 pro
369 773 462 838 nobis
488 778 521 838 et
546 792 630 839 succ.
654 773 780 851 nostris,
802 771 928 838 dedisse
953 777 987 837 et
1011 772 1205 839 concessisse

15 872 21 961 J
61 870 185 937 dilecto
210 873 303 937 nobis
328 873 364 935 111
390 871 529 949 Ohristo,
554 871 691 936 Ricardo
717 872 820 957 Pigot,
846 871 1008 955 quandam
1033 871 1206 937 annualem

14 966 19 1049 J
61 971 252 1055 pensionem
267 971 411 1055 quinque
426 990 605 1035 marcarum
627 971 719 1036 bonae
734 979 769 1036 et
783 971 895 1056 legalis
916 978 1055 1037 monetae
1068 971 1207 1056 Angliae,

14 1070 20 1151 j
59 1068 246 1135 hahendam
258 1076 291 1135 et
305 1070 480 1136 tenendam
491 1077 524 1135 et
538 1070 787 1154 percipiendam,
798 1070 923 1135 ratione
933 1091 1027 1136 novae
1037 1071 1206 1136 creationis

58 1168 203 1235 Abbatis
224 1170 341 1234 Mon'ii
362 1169 473 1247 nostri,
487 1168 592 1234 eidem
613 1169 750 1235 Ricardo
772 1169 868 1255 Pigot
889 1170 929 1234 de
951 1170 1044 1235 nobis
1066 1177 1100 1236 et
1121 1190 1205 1237 succ.

13 1268 22 1347 f
59 1268 184 1333 nocuis
207 1268 385 1345 annuatim,
399 1287 566 1352 quousque
587 1267 673 1333 idem
696 1268 852 1334 Ricardus
874 1269 969 1354 Pigot
989 1290 1048 1353 per
1067 1290 1126 1335 nos
1148 1276 1206 1336 aut

15 1368 19 1375 ’
50 1386 262 1454 ⁴successores
284 1373 410 1433 nostros
431 1372 598 1451 promotus
611 1367 711 1433 fuerit
725 1369 766 1432 ad
788 1368 919 1452 aliquod
941 1369 1133 1434 beneficium
1154 1389 1206 1435 eo·

57 1465 282 1532 olesiasticum
311 1471 505 1549 competens,
535 1466 576 1530 ad
606 1465 686 1531 duos
716 1467 795 1530 anni
823 1467 1083 1533 terminos-vir.
1113 1467 1154 1532 ad
1182 1467 1206 1533 f.

57 1565 336 1632 Annuntiationis
358 1565 393 1630 B.
411 1565 525 1630 Mariae
538 1565 684 1648 Virginis
706 1571 740 1630 et
762 1566 792 1630 S.
809 1565 981 1631 Michaelis
1003 1566 1206 1651 Archangeli,

56 1686 121 1752 per
152 1665 291 1749 aequales
320 1665 492 1750 portiones,
522 1665 626 1749 primo
655 1665 793 1730 termino
829 1665 999 1731 solutionis
1030 1665 1204 1749 hujusdam

56 1863 210 1949 Virginis
224 1863 369 1948 proxime
383 1864 492 1928 futuro
510 1870 584 1947 post
599 1862 713 1928 datum
734 1863 949 1947 prasentium.
995 1863 1037 1927 In
1052 1863 1144 1947 cujus
1158 1865 1206 1927 rei

56 1970 138 2031 cest.
153 1963 295 2048 sigillum
311 1967 456 2027 nostrum
471 1982 641 2028 commune
656 1961 873 2046 apposuimus.
917 1962 1042 2026 Datum
1059 1963 1095 2026 in
1110 1961 1205 2026 domo

56 2067 176 2129 nostra
205 2061 391 2145 Capitulari,
420 2062 458 2127 A.
488 2062 529 2125 D.
556 2060 612 2125 m¹⁰
641 2061 900 2146 quingentesimo
930 2068 1043 2144 quarto
1073 2061 1205 2140 decimo,

56 2161 163 2229 xviii0
177 2160 229 2226 die
243 2161 363 2226 mensis
378 2161 574 2228 Decembris.

533 2399 737 2464 cccxow.

109 2550 205 2616 Omn.
232 2547 383 2634 G[h]risti
411 2547 562 2613 fidelibus
592 2547 632 2612 ad
658 2567 740 2632 quos
768 2567 815 2630 pr.
842 2568 899 2613 scr.
925 2569 1022 2634 perv,
1047 2548 1207 2628 Thomas,1

58 2649 178 2716 Abbas
203 2654 237 2714 st
263 2647 361 2713 Oonv.
389 2647 505 2711 Mon'ii
529 2645 584 2711 SS.
608 2647 643 2712 P.
670 2651 704 2711 et
729 2646 850 2730 Hyldae
875 2646 915 2711 ds
940 2648 1087 2732 Whitby,
1111 2650 1206 2714 Ebor.

60 2749 157 2826 dioc,
167 2748 235 2813 veri
246 2753 280 2812 et
290 2746 467 2811 indubitati
480 2747 609 2830 patroni
620 2745 761 2811 ecclesias
772 2745 964 2829 parochialis
975 2746 1015 2811 de
1027 2747 1208 2831 Slengisby,
1287 2799 1291 2806 .

59 2853 99 2915 et
113 2846 242 2912 vicariae
256 2845 398 2912 ecclesiae
420 2845 611 2929 parochialis
627 2845 667 2910 de
682 2846 794 2910 Semar
808 2845 903 2910 dictae
924 2845 1019 2910 Ebor.
1037 2845 1207 2925 dioceseos,

60 2967 88 3011 s.
114 2946 151 3010 in
176 2946 325 3011 Domino.
370 2945 536 3010 Noveritis
561 2965 629 3022 nos,
656 2945 805 3010 unanimi
830 2965 988 3010 consensu
1014 2951 1048 3011 et
1072 2965 1206 3012 assensu

60 3047 195 3123 nostris,
210 3045 336 3111 dedisse
359 3051 391 3109 et
413 3065 510 3122 cono,
524 3066 561 3109 ac
583 3045 644 3109 hoc
666 3045 817 3129 praesenti
839 3045 958 3129 scripto
981 3046 1062 3112 conf.
1078 3046 1206 3112 dilectis

62 3144 159 3209 nobis
185 3144 221 3207 111
247 3144 383 3222 Christo,
410 3145 492 3208 M'rc
522 3144 642 3208 Briano
671 3144 804 3229 Darlay,
830 3144 861 3209 S.
888 3145 922 3210 T.
949 3145 984 3210 P.
1010 3151 1044 3209 et
1069 3146 1206 3232 Georgio

60 3244 176 3320 Evers,
190 3244 315 3308 notario
330 3244 469 3328 publico,
484 3243 727 3308 advocationem
742 3249 775 3308 et
793 3244 848 3327 jus
862 3250 1050 3328 patronatus
1065 3245 1206 3310 ecclesiae

61 3342 258 3428 parochialis
280 3343 320 3408 de
343 3344 514 3428 Slengisby
529 3350 562 3409 et
577 3344 705 3408 vicariae
727 3344 870 3408 ecclesiae
889 3343 929 3409 de
952 3343 1063 3408 Semar
1083 3346 1206 3429 predic-

61 3448 182 3519 tarum,
196 3463 254 3525 pro
276 3442 372 3507 unica
394 3450 427 3508 et
448 3444 595 3527 proxima
609 3443 680 3508 vioe
701 3448 832 3507 tantum
846 3463 912 3526 qua
930 3463 1044 3509 vacare
1066 3444 1206 3531 contiga-

61 3542 141 3618 rint,
155 3540 342 3605 habendum
357 3549 390 3606 et
404 3543 581 3607 tenendum
604 3542 666 3606 sibi
681 3547 714 3607 et
729 3542 899 3627 assignatis
922 3542 990 3607 suis
999 3544 1106 3608 :—Ita
1119 3545 1207 3628 quod

61 3641 148 3704 hene
170 3639 281 3704 licebit
304 3639 425 3704 eisdem
447 3641 566 3705 Briano
586 3647 620 3705 et
635 3640 771 3726 Georgia
793 3642 1002 3726 conjunctim,
1017 3661 1075 3706 seu
1097 3662 1207 3707 eorum

61 3738 125 3804 uni
147 3759 204 3822 per
218 3759 252 3803 se
267 3739 406 3816 divisim,
422 3744 478 3803 aut
499 3739 670 3825 assignatis
693 3741 770 3815 suis,
785 3739 826 3805 ad
841 3741 961 3806 dictam
983 3740 1151 3805 ecclesiam
1166 3741 1206 3806 de

63 3838 240 3923 Slengisby
254 3838 308 3903 vel
322 3838 475 3902 vicariam
490 3839 530 3904 de
546 3839 657 3904 Semar
677 3839 847 3924 praedictis,
861 3860 919 3924 pro
933 3859 999 3903 una
1013 3845 1047 3903 et
1060 3839 1208 3922 proxima

61 3939 136 4003 vice
152 3943 290 4014 tantum,
303 3957 472 4020 personam
488 3938 638 4003 idoneam
651 3939 715 4003 loci
732 3939 901 4003 Ordinario
922 3943 1114 4022 praesentare
1132 3958 1207 4003 cum

62 4038 193 4115 effectu,
207 4038 330 4121 absque
345 4037 571 4102 reclamatione
586 4038 639 4102 vel
654 4038 905 4102 contradictione
926 4037 1053 4116 nostris,
1068 4038 1121 4103 vel
1136 4058 1207 4104 suc-

62 4157 227 4203 cessorum
242 4142 441 4201 nostrorum:
460 4138 594 4203 Proviso
609 4137 741 4203 omnino
756 4136 843 4222 quod
853 4135 973 4221 quum²
987 4137 1084 4203 citius
1098 4137 1208 4223 aliqua

101 4297 111 4331 ¹
131 4298 246 4350 Thomas
258 4297 392 4364 Bydns113
409 4299 446 4350 ob.
462 4301 538 4352 1516.

100 4379 112 4414 ²
131 4383 158 4432 It
178 4382 201 4433 is
222 4386 270 4432 not
291 4382 391 4432 certain
412 4382 473 4434 that
496 4383 548 4434 this
568 4382 678 4450 reading
698 4382 721 4432 is
741 4380 822 4448 right,
840 4380 891 4432 but
910 4381 958 4432 the
979 4381 1109 4434 intentis
1127 4382 1208 4452 fairly

63 4469 202 4536 apparent.
1006 4503 1010 4507 ,
