2866 5002
362 530 633 583 OARTULARIUM
650 530 853 580 ABBATHIAE
870 531 918 580 DE
937 530 1122 582 WHITnBY.
1260 525 1319 583 267

177 693 366 757 nominibus
389 701 587 770 censeantur,
602 694 660 777 qui
675 694 794 757 eisdem
811 694 933 757 Abbati
948 699 981 757 et
997 695 1095 758 Oonv.
1112 716 1168 759 seu
1190 698 1323 780 quibus-

175 813 308 876 cunque
318 794 552 857 commonachis
563 795 639 871 suis,
644 794 712 857 sive
717 794 902 857 hominibus
913 793 984 857 aliis
995 815 1089 877 opem
1094 799 1323 877 praestantibus

175 893 215 955 in
230 893 413 974 praemissis,
422 895 490 956 sive
504 894 540 955 in
554 894 663 976 aliquo
673 894 920 976 premissorum,
929 894 982 957 vel
996 895 1161 976 praemissa
1171 896 1324 979 qualiter-

176 1013 309 1075 cunque
339 992 897 1077 contingentibus,qualitercunque
926 994 1135 1076 praestiterint
1155 997 1324 1075 auxilium,

145 1177 148 1182 Ι
177 1093 362 1168 consilium,
377 1093 430 1156 vel
443 1094 602 1172 favorem3
617 1114 654 1156 ac
669 1094 767 1157 etiam
779 1094 1025 1176 quibuscunque
1040 1094 1322 1178 impetrationibus

178 1197 214 1256 et
237 1192 512 1273 prosecutionibus
539 1212 645 1255 coram
666 1193 912 1275 quibuscunque
940 1192 1115 1275 judicibus,
1144 1195 1323 1273 ordinariis,

126 1357 130 1363 ,
177 1289 345 1373 delegatio,
382 1293 616 1372 executoribus,
653 1292 912 1375 qualemcunque
954 1293 1216 1374 jurisdictionem
1253 1297 1322 1361 sive

126 1392 133 1473 2
180 1389 348 1452 notionem
373 1389 575 1467 habentibus,
599 1396 631 1454 et
657 1390 834 1454 officiorum
860 1410 990 1454 suorum
1014 1391 1263 1458 excitationibus
1290 1402 1323 1459 et

126 1490 135 1569 ζ
181 1488 461 1570 provocationibus
483 1489 518 1551 in
541 1509 742 1572 quacumque
766 1489 863 1566 curia,
885 1488 1109 1567 ecclesiastica,
1133 1492 1232 1570 civili,
1254 1493 1322 1557 sive

126 1591 138 1671 'J
182 1586 336 1663 saeculari,
346 1594 378 1650 et
389 1589 605 1651 1111111111111111
595 1610 631 1651 m
646 1589 734 1652 curia
744 1589 786 1651 D'
788 1609 823 1650 ni
814 1589 935 1672 'Regis
950 1588 1079 1672 Angliae
1093 1589 1239 1668 illustris,
1254 1592 1322 1656 sive

126 1674 140 1706 ²
181 1705 242 1749 auc
243 1685 373 1749 11111111
383 1687 437 1750 vel
445 1687 577 1750 mandat
564 1693 596 1750 to
609 1688 751 1770 ejusdem
762 1688 804 1750 D'
806 1708 841 1749 n1
831 1687 949 1771 Regis
959 1708 1065 1751 coram
1077 1689 1323 1803 quibuscunque

126 1762 141 1806 ·
180 1785 249 1848 suis
265 1787 342 1850 Just
342 1786 470 1862 iciariis,
485 1787 552 1850 sive
573 1787 609 1849 in
632 1788 749 1864 BancO,
764 1787 833 1850 sive
857 1787 938 1862 aliis,
954 1788 1126 1870 assignatis
1148 1789 1201 1853 vel
1223 1791 1323 1874 assig-

126 1858 147 1978 1
179 1885 307 1961 nandis,
323 1886 524 1967 querelarum
546 1887 636 1949 audit
634 1887 746 1950 oribus
769 1887 838 1950 sive
860 1887 1117 1969 inquisitoribus,
1137 1908 1195 1952 seu
1216 1910 1322 1954 coram

126 1954 147 2005 ²
142 1985 253 2068 ipso
265 1986 306 2047 D'
309 2006 349 2047 111
365 1987 459 2068 Rege,
471 1986 563 2049 nobis
579 1986 684 2069 qualit
686 2007 847 2068 ercunque
859 1993 986 2070 compet
972 1987 1125 2064 tentibus,
1137 1988 1238 2052 direct
1224 1994 1255 2053 te
1270 1992 1324 2054 vel

126 2063 144 2200 ξ
179 2085 347 2162 indirecte,
359 2087 522 2149 occasione
536 2088 775 2169 premissorum
788 2086 855 2149 sive
870 2086 1007 2169 alicujus
1019 2087 1058 2151 de
1073 2088 1203 2166 eisdem,
1213 2095 1324 2154 contra

129 2185 352 2269 praedictos
367 2185 475 2248 Abbat
462 2191 528 2249 tem
550 2192 583 2249 et
606 2187 704 2250 Oonv
722 2187 761 2250 de
776 2186 940 2269 Whiteby,
956 2192 989 2251 et
1010 2207 1219 2272 quoscunque
1234 2189 1324 2267 alios,

127 2284 221 2347 de
248 2285 366 2366 quibus
392 2286 538 2368 superius
564 2287 604 2348 fit
628 2288 749 2351 mentio
773 2287 1005 2370 quoquomodo,
1050 2287 1100 2351 Ac
1126 2289 1224 2353 etiam
1253 2296 1322 2354 rato

176 2385 287 2468 priore
309 2391 402 2466 pacto
425 2391 610 2450 remanente
632 2386 788 2468 corporali
810 2387 994 2469 juramento
1015 2408 1073 2471 pro
1095 2389 1188 2453 nobis
1203 2396 1237 2454 11
1252 2411 1323 2456 suc·

174 2484 361 2550 cessoribus
391 2486 509 2548 nostris
537 2487 574 2548 in
603 2486 704 2548 forma
729 2487 812 2568 juris
841 2487 987 2569 praestito
1017 2493 1050 2551 et
1079 2488 1323 2567 interveniente,

174 2584 322 2648 fideliter
336 2586 559 2666 promittentes
582 2607 640 2649 nos
663 2591 696 2649 et
718 2607 914 2650 successores
928 2592 1054 2651 nostros
1076 2590 1180 2653 teneri
1194 2589 1324 2654 fabricae

175 2684 336 2748 Ecclesiae
351 2685 385 2747 B.
403 2686 491 2748 Petri
501 2686 637 2749 Eboraci
651 2686 686 2748 in
701 2691 831 2749 centum
846 2686 962 2749 marcis
977 2686 1204 2770 sterlingorum
1218 2689 1323 2753 eidem

173 2785 312 2849 fabricae
332 2785 502 2862 solvendis,
517 2786 587 2849 sine
602 2785 710 2867 aliquo
734 2791 810 2849 actu
824 2785 878 2848 vel
891 2804 1042 2866 processu
1061 2785 1211 2867 judiciali
1224 2787 1324 2852 inter-

175 2885 345 2961 veniente,
359 2885 455 2948 unica
470 2885 647 2948 monitione
669 2890 740 2948 octo
757 2885 881 2947 dierum
897 2884 1067 2946 dumtaxat
1082 2891 1224 2967 excepta,
1239 2885 1326 2951 infra

175 3005 265 3070 quos
277 2985 425 3047 volumus
435 2985 535 3047 teneri
547 2985 606 3047 sub
616 2985 799 3066 juramento
810 2982 963 3066 praedicto
975 2982 1016 3045 ad
1027 2982 1220 3046 solutionem
1235 2989 1325 3049 ante-

176 3088 316 3159 dictam,
335 3085 362 3146 si
385 3085 549 3167 contingat
571 3085 657 3166 quod
679 3089 789 3146 contra
811 3082 983 3165 praemissa,
998 3082 1052 3146 vel
1074 3103 1182 3146 eorum
1205 3083 1323 3166 aliqua,

175 3191 217 3252 in
233 3185 396 3267 aliquibus
412 3184 477 3246 suis
494 3184 645 3260 articulis,
661 3184 780 3246 directe
794 3183 847 3246 vel
868 3182 1032 3258 indirecte,
1047 3182 1100 3245 vel
1120 3203 1178 3264 per
1191 3182 1324 3265 aliquod

176 3285 360 3366 obliquum,
376 3304 432 3346 seu
448 3304 638 3365 quocunque
665 3283 772 3345 studio
787 3282 839 3346 vel
861 3282 998 3365 ingenio,
1013 3282 1099 3364 quod
1125 3282 1323 3358 1111111111-

178 3406 286 3460 amus,
315 3382 396 3466 (99¹³)
425 3404 481 3446 seu
511 3383 641 3465 aliquod
671 3382 761 3445 aliud
790 3382 955 3458 faciamus,
982 3382 1079 3445 etiam
1109 3382 1323 3465 quodcunque

179 3486 358 3550 minimum
374 3484 460 3565 quod
483 3483 725 3559 ordinationem,
740 3483 883 3558 laudum,
899 3482 1031 3559 dictum,
1047 3483 1224 3559 arbitrium,
1239 3484 1323 3547 arbi-

132 3574 136 3609 ⁷
180 3590 316 3658 tratum,
331 3583 627 3665 pronuntiationem
642 3587 674 3645 et
689 3582 854 3645 decretum
869 3582 1022 3664 praedicta
1037 3583 1221 3666 aliqualiter
1234 3590 1325 3667 pote-

126 3695 136 3719 ’·’
179 3689 262 3748 runt
278 3683 441 3764 impedire,
457 3682 592 3758 differre,
607 3682 660 3744 vel
680 3682 778 3745 etiam
800 3682 836 3744 in
858 3688 1023 3764 posterum
1045 3684 1238 3764 perturbare.
1283 3683 1325 3744 In

130 3791 135 3821 ³
181 3786 280 3867 eujus
295 3784 340 3845 rei
352 3788 432 3859 test,
443 3785 497 3866 sig.
511 3787 655 3845 nostrum
671 3803 839 3846 commune
851 3789 900 3845 est
912 3783 1125 3864 praesentibus
1137 3801 1323 3865 appensum.

126 3881 137 3946 ‚³
182 3888 311 3949 Datum
325 3882 360 3944 in
377 3883 524 3965 Oapitulo
548 3887 655 3944 nostro
679 3881 765 3964 apud
788 3881 1071 3964 Conyngesheved,
1087 3881 1210 3944 decimo
1228 3881 1324 3943 tertio

181 3986 236 4047 die
253 3983 373 4045 mensis
389 3983 509 4056 Martii,
524 3983 561 4044 Α.
578 3982 617 4044 D.
634 3981 804 4044 millesimo
820 4001 872 4044 ccc
889 3981 1018 4043 decime.

126 4172 138 4231 1

126 4282 138 4349 qi
231 4268 401 4332 Universis
424 4267 464 4329 ad
487 4287 565 4349 quos
588 4287 676 4348 praes.
701 4265 818 4328 litterae
840 4262 1052 4347 pervenerint,
1067 4261 1226 4338 Thomas,¹
1247 4283 1277 4345 p.
1294 4262 1322 4326 d.

284 4145 458 4208 OOCXVI.
484 4145 711 4207 Covnrumrro
727 4158 797 4206 111
813 4155 1033 4204 1111111111
1049 4139 1225 4204 0111111111.

129 4381 137 4429 l
184 4368 327 4432 Karlool.
343 4367 450 4449 Ep'us,
466 4388 488 4429 s.
506 4367 540 4428 in
556 4365 699 4428 onmium
716 4363 886 4427 Salvatore.
931 4360 1066 4424 Noverit
1081 4359 1168 4422 univ.
1183 4381 1212 4424 v.
1229 4360 1326 4443 quod,

400 4476 407 4506 ¹
428 4480 540 4528 Thomas
553 4479 585 4527 de
598 4477 689 4526 Veteri
703 4477 793 4536 Ponte,
810 4477 892 4543 mili
913 4474 949 4524 ob.
964 4472 1020 4524 Oct.
1038 4474 1112 4522 1256.
