2910 5002
271 526 331 584 266
460 533 733 586 GARTULARIUM
751 532 954 585 ABBATHIAE
972 533 1025 584 DE
1042 535 1236 588 wmrusv.

267 700 403 764 Eboraci
414 699 582 775 dioceseos,
594 719 617 762 s.
630 698 663 760 in
677 697 818 761 Domino
830 697 1067 781 sempiternam
1114 701 1202 764 (lum
1213 703 1400 768 venerabiles

266 805 299 863 et
315 799 444 863 discreti
458 799 528 875 viri,
545 798 701 881 Magister
714 797 902 862 Willelmus
925 797 965 861 de
987 799 1185 884 Pykerynge
1205 807 1240 865 et
1255 803 1401 867 Robertus

267 900 307 963 de
329 899 510 981 Pykryuge,
536 917 707 980 germanus
729 898 807 980 ejus,
831 897 986 961 Oanonici
1013 897 1097 981 (98⁶)
1122 900 1353 979 Eboracenses‚
1373 923 1403 966 ac

267 1001 289 1063 J
292 998 443 1073 ohannes,
458 997 549 1060 Prior
563 997 602 1060 de
621 995 741 1059 Bolton
762 996 798 1058 in
821 995 955 1075 Craven,
970 1017 1067 1080 super
1079 997 1234 1081 pluribus
1257 1002 1404 1065 contenti·

266 1097 382 1159 onibus
405 1101 438 1158 et
457 1095 591 1159 diversis
615 1095 693 1158 ortis
716 1100 749 1158 et
771 1095 987 1159 existentibus
1008 1096 1096 1158 inter
1116 1097 1305 1182 Religiosos
1324 1101 1405 1176 viros,

267 1196 428 1259 Abbatem
450 1199 482 1259 et
505 1194 602 1260 Conv.
622 1194 662 1258 de
677 1193 842 1277 Whiteby,
858 1194 989 1258 Ordinis
1013 1195 1043 1259 S.
1066 1195 1253 1273 Benedicti,
1276 1200 1403 1282 praelatae

266 1295 435 1370 dioceseos,
461 1315 500 1357 ex
530 1299 620 1377 parte
642 1315 715 1371 una,
742 1299 775 1358 et
804 1313 863 1357 nos
892 1314 933 1357 ex
963 1293 1063 1358 altera
1084 1300 1187 1377 parte,
1214 1297 1305 1361 facta
1325 1299 1403 1383 prius

265 1394 479 1457 submissione
505 1414 562 1477 per
590 1414 649 1457 nos
678 1394 714 1456 in
744 1393 881 1470 eosdem,
902 1393 1124 1457 ordinaverint
1152 1398 1403 1463 renuntiationes

265 1493 428 1558 faciendas
451 1498 546 1576 prout
568 1493 604 1556 in
625 1493 770 1575 ipsorum
792 1492 993 1557 ordinatione
1014 1492 1144 1575 plenius
1161 1496 1352 1561 continetur
1361 1521 1402 1561 :-

266 1594 344 1670 Ncs,
358 1593 465 1676 igitur,
480 1593 571 1655 Prior
598 1599 630 1656 et
657 1593 756 1658 Conv.
779 1593 885 1675 praed,
899 1592 1011 1656 habito
1034 1612 1131 1675 super
1157 1593 1225 1659 hiis
1253 1596 1403 1681 solempni

265 1698 405 1756 tractatu
419 1693 455 1754 in
472 1691 623 1774 Capitulo
645 1698 763 1768 nostro,
778 1691 1014 1755 ordinationem
1034 1692 1267 1775 praedictorum
1282 1717 1402 1761 venera-

266 1792 382 1855 bilium
403 1791 555 1867 virorum,
571 1791 726 1855 M'rorum
740 1790 908 1866 Willelmi,
923 1790 1056 1854 Roberti
1078 1799 1112 1855 et
1133 1793 1158 1856 J
1158 1792 1311 1873 ohannis,
1325 1816 1403 1878 pure,

266 1891 456 1974 simpliciter
492 1896 525 1954 et
562 1897 684 1973 sponte,
714 1891 748 1954 in
786 1890 937 1954 omnibus
974 1891 1042 1955 suis
1078 1891 1219 1976 singulis
1257 1895 1403 1972 articulis,

267 1991 485 2068 admittentes
501 1997 534 2054 et
549 2011 620 2054 eam
636 2010 786 2073 expresso
808 2010 968 2054 consensu
986 1990 1241 2076 homologantes,
1257 2014 1296 2058 ac
1311 1994 1403 2058 eidem

266 2092 396 2154 omnino
425 2111 536 2174 parere
566 2090 722 2166 volentes,
751 2109 809 2172 pro
839 2089 932 2154 nobis
962 2094 995 2154 et
1025 2090 1268 2157 successoribus
1295 2095 1402 2158 nostris

265 2190 512 2272 imperpetuum,
528 2195 560 2252 et
575 2188 709 2253 ecclesia
730 2194 840 2251 nostra
858 2188 897 2252 de
920 2188 1063 2253 Overton
1083 2189 1165 2254 alias
1190 2191 1349 2277 Overyge,
1362 2213 1402 2257 re·

266 2290 452 2351 nuntiamus
465 2309 554 2370 pure,
566 2293 689 2369 sponte,
701 2287 891 2370 simpliciter
905 2294 937 2352 et
952 2288 1098 2352 absolute
1110 2288 1266 2355 omnibus
1278 2293 1402 2356 actioni·

265 2388 334 2463 bus,
357 2387 589 2469 petitionibus,l
618 2387 918 2469 inquietationibus,
943 2387 1090 2470 querelis,
1116 2389 1401 2472 impetrationibus,

264 2492 296 2551 et
319 2485 603 2569 prosecutionibus,
619 2487 785 2549 occasione
799 2486 970 2570 ingressus,
985 2487 1171 2565 invasionis,
1186 2491 1401 2574 occupationis

264 2587 332 2649 sive
355 2583 547 2660 intrationis,
569 2589 606 2646 ut
629 2584 755 2661 dicitur,
771 2585 928 2648 factarum
949 2585 986 2648 in
1008 2585 1176 2650 ecclesiam
1199 2587 1241 2652 de
1265 2589 1401 2654 Overton

264 2685 343 2747 alias
366 2685 512 2766 Overyge
534 2683 729 2766 praedictam,
750 2684 787 2747 in
809 2684 997 2762 manerium,
1020 2685 1131 2749 domos
1152 2690 1188 2749 et
1210 2686 1401 2752 clausturam

264 2784 351 2868 apud
375 2784 518 2847 Overton
540 2782 683 2859 eandem,
706 2789 739 2847 et
762 2783 860 2847 etiam
890 2783 1054 2848 occasione
1078 2784 1295 2866 spoliationis,
1317 2807 1402 2852 occu-

263 2884 412 2967 pationis,
429 2881 653 2966 asportaticnis
677 2882 745 2946 sive
768 2882 1023 2966 consumptionis
1038 2883 1172 2948 decimae
1186 2885 1361 2968 garbarum
1375 2892 1403 2949 et

263 2984 338 3060 feni,
368 2989 401 3046 et
437 2982 574 3045 aliarum
602 3001 868 3064 quarumcunque
906 2981 1111 3060 decimarum,
1140 2988 1210 3046 tam
1247 2986 1402 3069 majorum

263 3103 361 3164 quam
383 3081 553 3156 minorum,
568 3085 601 3143 et
623 3079 760 3143 aliarum
781 3101 889 3144 rerum
910 3100 1184 3164 quarumcunque,
1200 3103 1402 3168 quocumque

262 3182 392 3244 nomine
414 3187 614 3255 censeantur,
628 3179 896 3262 qualitercunque
918 3187 952 3244 et
973 3180 1234 3265 quandocunque
1255 3185 1402 3267 proveni-

262 3281 396 3357 entium,
422 3300 524 3362 usque
553 3279 589 3340 in
619 3279 706 3342 diem
735 3279 944 3343 confectionis
976 3280 1183 3362 praesentium
1205 3280 1402 3362 litterarum3

262 3379 302 3442 de
325 3379 570 3461 quibuscunque
593 3377 670 3453 tris,
685 3377 950 3460 possessionibus,
964 3379 1132 3457 territorio,
1148 3381 1284 3464 campis,
1298 3383 1402 3466 pratis,

262 3477 398 3560 pascuis,
428 3482 525 3558 atque
555 3476 633 3538 locis
664 3476 746 3553 aliis,
771 3477 875 3553 rebus,
905 3477 1108 3555 animalibus,
1132 3485 1166 3543 et
1195 3481 1353 3562 personis,
1373 3489 1402 3546 et

263 3575 455 3639 nominatim
477 3575 517 3639 de
540 3575 683 3638 Overton
705 3576 785 3640 alias
817 3578 972 3660 Overyge‚
995 3577 1182 3661 Bogesfellc‚
1205 3579 1402 3657 Keldelithc,

262 3676 529 3758 Sunnebygynge,
571 3675 747 3759 Reyesbek,
789 3676 941 3760 LangdaL
978 3675 1123 3760 Tibbay,²
1163 3678 1401 3758 Ronnestwatc,

262 3775 476 3857 Scalasparke,
492 3775 665 3858 Ellergylle
688 3783 721 3839 et
744 3775 913 3859 Gasegille‚
927 3776 1021 3840 nobis
1036 3775 1307 3862 qualitercunque
1321 3801 1402 3846 com-

260 3875 453 3958 petentibus,
470 3895 526 3938 seu
542 3881 721 3957 competere
737 3874 931 3951 valentibus,
946 3879 1057 3940 contra
1072 3874 1175 3939 dictos
1190 3875 1359 3945 Abbatem
1372 3886 1402 3945 et

261 3978 465 4040 Conventum
481 3975 519 4039 de
534 3975 697 4057 Whiteby,
713 3980 745 4038 et
767 3974 960 4038 nominatim
983 3980 1094 4038 contra
1108 3975 1223 4040 fratres
1246 3977 1401 4043 Thomam

263 4076 330 4160 (99)
348 4076 387 4138 de
403 4077 526 4139 Garton
542 4081 574 4138 et
589 4075 611 4138 J
613 4074 775 4138 ohannem
790 4074 829 4138 de
844 4073 1116 4158 Wyntryngham,
1126 4073 1195 4139 sive
1210 4074 1295 4141 alios
1310 4099 1402 4162 quos-

259 4196 387 4257 cunque
403 4175 430 4257 ej
435 4175 546 4238 usdem
567 4174 682 4236 Mon’ii
697 4174 737 4236 de
752 4173 910 4256 Whiteby
925 4172 1177 4251 commonachos,
1192 4179 1227 4237 et
1241 4195 1401 4258 quoscun-

259 4295 321 4356 que
345 4273 423 4335 alios
439 4273 614 4336 servientes
637 4272 705 4336 sive
726 4271 875 4335 homines
890 4271 1065 4335 eorundem
1079 4271 1221 4336 Abbatis
1243 4279 1280 4338 et
1303 4276 1401 4343 Oonv.

259 4373 298 4436 de
321 4372 484 4454 Whiteby,
507 4372 575 4436 sive
598 4378 708 4436 contra
731 4391 940 4455 quascunque
966 4391 1127 4454 personas,
1150 4370 1403 4460 quibuscunque

399 4484 599 4546 1pedatoctom.
1125 4480 1136 4516 ²
1157 4482 1257 4551 rincy.
