2866 5002
473 535 761 588 INTRODUGTORY
778 535 976 586 OHAPTERS.
1172 519 1288 582 xxxvii

150 705 322 775 sumerent,
346 720 411 782 quo
435 721 494 764 nos
518 701 678 783 refugium
703 700 834 782 aliquod
858 700 1048 782 professioni
1072 706 1190 762 nostrae
1212 719 1287 763 con-

147 820 263 882 gruum
279 799 341 862 sub
357 799 461 882 ipsius
477 799 573 883 Regis
588 820 687 863 manu
703 807 736 862 et
752 800 873 863 ditione
885 800 1002 863 habere
1017 800 1232 882 agnovissent.

190 898 341 980 Cumque
350 903 423 980 post
437 898 507 961 haec
522 897 803 981 op[p]ortunitatis
814 906 944 981 tempus
954 899 1087 974 adesset,
1096 918 1160 981 quo
1171 917 1286 960 manus

147 996 344 1080 pontificalis
367 997 608 1082 impositionem
634 1004 667 1060 et
682 997 822 1061 Abbatis
844 997 1102 1061 benedictionem
1126 997 1287 1080 suscipere

147 1096 308 1172 deberem,
330 1096 431 1158 subiit
453 1095 560 1158 animo
583 1102 621 1158 ut
640 1096 681 1159 ad
704 1096 906 1177 Leatiapbam
927 1096 1016 1172 irem,
1039 1096 1116 1178 quia
1137 1096 1197 1159 sub
1219 1095 1287 1159 sola

148 1194 247 1278 Regis
261 1201 422 1277 potestate
438 1201 505 1258 erat
526 1194 701 1258 monachus
724 1196 894 1278 professus,
910 1195 1053 1278 ejusdem
1075 1216 1203 1278 quoque
1222 1195 1287 1258 loci

147 1295 260 1357 Abbas
276 1314 484 1358 consecraret.
529 1294 609 1370 Quae
624 1314 674 1357 res
684 1295 804 1376 pariter
816 1295 913 1358 etiarn
923 1294 1160 1377 congregationi
1168 1301 1287 1358 nostrae

148 1401 180 1457 et
196 1393 263 1476 ipsi
278 1393 368 1476 Regi,
381 1393 574 1476 dominoque
588 1394 712 1456 11011100
723 1393 973 1477 Archiepiscopo
988 1401 1106 1469 nostro,
1118 1414 1242 1457 necnon
1254 1401 1287 1457 et

149 1492 302 1555 omnibus
316 1512 456 1575 quorum
470 1492 545 1555 inde
560 1493 732 1556 consilium
752 1493 941 1575 quaerebam,
957 1493 1041 1556 bona
1056 1500 1089 1556 et
1110 1493 1201 1556 utilis
1216 1493 1287 1556 visa

147 1598 207 1669 est,
237 1612 276 1654 ac
306 1591 447 1668 tandem,
477 1599 606 1654 auctore
632 1592 711 1668 Dee,
736 1591 866 1673 illisque
896 1592 1088 1667 volentibusr,
1115 1612 1217 1674 usque
1244 1591 1284 1654 ad

146 1697 258 1755 actum
280 1690 444 1773 perducta.
496 1690 543 1753 At
565 1711 640 1753 vero
663 1690 852 1773 saepedictus
875 1691 1060 1767 Willclatas,
1082 1691 1165 1753 sicut
1189 1696 1285 1754 antea

146 1796 367 1866 consueverat,
397 1794 431 1852 et
460 1795 571 1872 postea
601 1810 728 1872 quoque
757 1789 923 1852 molestior
953 1789 1045 1853 nobis
1075 1795 1108 1851 et
1133 1789 1285 1853 adversus

146 1889 356 1953 vehementer
371 1888 537 1964 existebat,
552 1894 650 1970 atque
660 1893 699 1950 ut
714 1887 838 1951 dictum
851 1893 907 1962 est,
920 1886 959 1949 de
970 1887 1091 1969 praedio
1104 1906 1161 1948 suo
1173 1887 1209 1948 in
1221 1907 1284 1968 quo

147 1987 257 2050 adhuc
266 1986 526 2049 conventiculum
541 1994 688 2049 nostrum
699 1986 844 2069 degebat,
853 1985 957 2048 modis
969 1985 1118 2047 omnibus
1127 1985 1285 2066 expellere

146 2085 322 2149 laborabat.
368 2085 464 2148 Unde
479 2105 545 2168 ego,
560 2084 662 2147 nimio
677 2084 785 2148 dolore
800 2083 976 2167 perculsus,
984 2084 1180 2166 justiciarios
1195 2084 1286 2168 regni

147 2185 246 2268 hujus
276 2185 462 2267 frequenter
491 2185 587 2261 adire,
616 2184 778 2248 miseriam
813 2191 955 2247 nostram
986 2190 1019 2247 et
1048 2185 1285 2267 oppressionem

147 2283 327 2346 multorum
348 2283 479 2346 auribus
500 2282 673 2359 insinuare,
699 2288 730 2345 et
751 2282 908 2345 auxilium
932 2302 1042 2345 versus
1069 2285 1285 2366 opprimentes
1372 2359 1376 2364 .

147 2402 206 2445 nos
218 2382 364 2464 flagitare
374 2382 558 2465 compulsus
571 2403 643 2445 sum
655 2404 663 2460 ;
686 2381 741 2444 sed
753 2402 858 2464 neque
867 2382 913 2444 ita
923 2383 1098 2464 quicquam
1107 2385 1285 2465 proficiens,

145 2481 280 2544 tandem
295 2482 448 2564 usquein
464 2481 705 2557 Normanniam‚
721 2481 756 2543 in
771 2500 835 2562 qua
850 2481 920 2543 Rex
936 2481 1033 2544 simul
1055 2489 1088 2546 et
1110 2483 1284 2545 Willelatar

147 2582 182 2642 dc
197 2581 312 2662 Percey
327 2588 405 2643 tunc
421 2580 501 2643 forte
516 2581 730 2655 morabantur,
746 2580 960 2655 transfretare,
976 2587 1009 2643 et
1023 2580 1162 2663 qualiter
1176 2589 1284 2645 nostra

147 2679 271 2763 inpace
281 2678 413 2742 alterius
423 2677 774 2760 haberemus,precibus
784 2679 870 2761 apud
880 2679 1046 2762 Regem,et
1054 2680 1158 2743 modis
1167 2681 1284 2762 quibus

147 2785 303 2860 poteram,
312 2783 455 2860 satagere
464 2778 620 2854 curavi,et
628 2778 675 2839 ita
684 2777 960 2860 demumaooepto
969 2779 1057 2861 pacis
1067 2779 1285 2862 chirographo

148 2877 188 2939 ad
203 2877 335 2959 propria
343 2896 498 2951 reversus,
512 2896 578 2938 non
592 2876 688 2958 longo
699 2882 842 2958 tempore
854 2896 927 2938 cum
939 2876 1101 2940 nostriset
1115 2877 1155 2940 de
1167 2878 1284 2940 nostris

147 2996 260 3058 pacem
270 2975 407 3057 optinui.
430 2976 558 3038 Exarsit
569 2975 690 3057 quippe
702 2995 788 3037 exeo
798 2981 940 3057 tempore
950 2974 1052 3037 multo
1062 2975 1285 3038 vehementius

147 3076 321 3138 adversum
336 3094 395 3137 nos
417 3074 544 3137 animus
565 3081 597 3136 et
619 3075 666 3136 ira
685 3074 844 3150 Willelraa',
860 3081 892 3136 et
915 3073 1138 3155 quoadusque
1155 3074 1285 3154 penitus

146 3196 204 3237 nos
231 3174 274 3236 de
298 3173 484 3255 Wittebeya
511 3173 690 3255 effugasset,
710 3192 823 3254 pacem
849 3172 1038 3234 diuturnam
1064 3172 1117 3233 vel
1143 3171 1285 3253 quietem

143 3275 263 3339 habere
279 3294 345 3336 non
359 3273 513 3355 permisit.
560 3272 646 3348 Quid
661 3271 790 3335 multa?
834 3271 910 3334 Hiis
926 3291 1065 3353 namque
1081 3270 1284 3354 exigentibus

143 3375 259 3448 causis,
274 3380 435 3455 postremo
458 3379 525 3434 tam
540 3371 761 3454 ingruentium
784 3391 1005 3453 pressurarum
1019 3370 1115 3454 longa
1136 3370 1284 3435 molestia

143 3473 258 3548 attriti,
285 3491 384 3552 quam
409 3471 590 3534 inevitabili
615 3471 733 3533 totiens
760 3469 928 3532 memorati
954 3469 1106 3532 Willcloaa'
1131 3470 1285 3534 violentia

145 3572 258 3647 coacti,
270 3572 339 3654 jam
354 3569 483 3653 publice
506 3578 538 3633 et
560 3570 680 3651 injuste
696 3568 803 3632 ablata
826 3568 918 3631 nobis
933 3569 1126 3652 Wittebeya,
1149 3571 1190 3632 ad
1205 3591 1285 3653 pree-

146 3674 273 3736 dictum
304 3671 410 3733 locum
441 3670 498 3752 qui
524 3669 645 3733 dicitur
674 3668 909 3751 Lestingeham,
938 3668 986 3730 ibi
1011 3669 1126 3732 saltem
1156 3691 1285 3734 manere

146 3772 325 3854 cupientes,
348 3790 404 3851 per
430 3770 608 3850 jussionem
630 3768 726 3850 Regis
756 3766 1064 3849 transmigravimus.
1123 3769 1185 3833 sed
1209 3770 1285 3852 quia

146 3891 213 3934 non
236 3875 287 3932 est
302 3868 356 3931 via
370 3868 510 3931 hominis
532 3868 568 3930 in
583 3888 682 3930 manu
703 3866 782 3949 ejus,
796 3866 890 3929 aliter
912 3866 951 3929 de
966 3866 1059 3930 nobis
1082 3869 1284 3951 omnipotens

144 3970 238 4033 Deus
262 3967 461 4049 disponebat,
477 3973 510 4029 et
532 3987 604 4048 quae
621 3965 805 4047 corporibus
827 3964 1059 4047 animabusque
1081 3966 1198 4029 nostris
1213 3986 1286 4049 pro-

145 4069 259 4131 futura
286 4067 321 4129 in
344 4071 537 4148 perpetuum
563 4069 655 4128 erant
679 4063 850 4126 salubriter
873 4064 1082 4146 praeparabat.
1127 4065 1214 4126 Nam
1239 4063 1286 4126 ibi

144 4187 286 4253 quoque,
330 4165 439 4230 nescio
477 4186 540 4248 quo
581 4164 646 4228 Dei
679 4163 811 4245 judicio,
853 4162 993 4226 latrones
1035 4163 1285 4244 circumquaque

144 4266 414 4350 debac[c]hantes
455 4285 513 4328 nos
551 4262 712 4348 persecuti
754 4268 839 4338 sunt,
877 4268 909 4325 et
947 4282 997 4325 res
1037 4267 1161 4323 nostras
1202 4281 1285 4345 saepe

142 4369 320 4451 rapientes,
335 4385 469 4427 moerore
484 4363 662 4427 inedicibili
677 4362 771 4425 corda
786 4369 896 4426 nostra
910 4360 1129 4444 perfuderunt.

188 4467 248 4530 lV.
273 4465 378 4528 There
389 4462 418 4526 is
434 4469 511 4526 next
522 4463 578 4526 the
589 4461 725 4525 relation
737 4461 770 4524 of
784 4460 839 4523 the
851 4459 993 4523 troubles
1006 4457 1111 4521 which
1122 4459 1218 4524 befell
1230 4461 1284 4524 the
