2866 5002
341 515 611 567 oAnToLAnlun
631 515 834 567 ABBATHIAE
852 517 901 566 DE
919 517 1105 568 WHITEBY.
1229 507 1285 565 151

137 681 256 744 libert.
273 685 306 743 et
322 684 463 744 consuet.
479 699 560 762 quas
582 679 702 743 habent
723 685 815 743 terrae
837 687 870 744 et
891 680 1039 746 homines
1061 683 1092 747 S.
1107 681 1196 747 Petri
1211 688 1244 745 et
1259 682 1289 744 S.

139 780 301 844 Outberti
316 780 351 842 in
366 780 476 843 eadem
492 779 624 842 civitate
639 778 857 843 consistentes.
905 781 1118 846 Concedimus
1141 782 1239 845 etiam
1258 787 1292 844 et

139 878 231 942 conf.
257 878 352 961 praed
376 878 461 942 Eccl.
477 877 516 940 de
538 877 689 961 Wyteby,
704 883 737 941 et
759 878 880 942 Abbati
903 885 935 943 et
956 901 1040 945 mon.
1056 880 1145 944 illius
1167 881 1239 957 loci,
1254 886 1291 943 ut

140 978 294 1041 habeant
330 985 363 1041 et
399 976 583 1060 possideant
612 976 649 1039 in
678 976 888 1060 domin[i]um
918 999 1012 1042 suum
1042 999 1153 1043 omnes
1182 984 1291 1055 terras,

142 1077 297 1153 forestas,
311 1097 449 1152 nemora,
464 1081 497 1139 et
519 1080 665 1158 pasturas
681 1076 749 1138 t’ris
764 1076 913 1140 Abbatiae
935 1097 1001 1140 suae
1022 1078 1230 1161 pertinentes,
1245 1078 1292 1139 ita

144 1175 263 1251 libere,
277 1176 394 1258 quiete,
409 1175 513 1257 plene,
528 1182 561 1238 et
583 1175 766 1251 honorifice,
784 1173 865 1257 (48b)
883 1181 921 1238 ut
942 1176 1053 1241 nullus
1075 1177 1114 1241 de
1134 1177 1292 1241 ministris

145 1275 274 1338 nostris
296 1275 490 1337 intromittat
512 1294 546 1337 se
565 1275 605 1337 de
627 1274 819 1350 nemoribus,
835 1295 893 1338 nec
916 1275 956 1339 de
978 1277 1118 1359 pasturis
1139 1276 1292 1340 Ecclesiae

149 1375 182 1438 S.
210 1373 301 1437 Petri
329 1378 362 1437 et
392 1374 422 1437 S.
447 1373 566 1457 Hyldac
592 1380 625 1437 et
652 1372 775 1436 Abbati
801 1374 859 1457 [et]
891 1376 1056 1439 monachis
1082 1376 1121 1440 de
1147 1375 1292 1458 Wytebp'⁷

149 1473 391 1556 pertinentibus
403 1496 411 1551 ;
441 1493 501 1535 nec
524 1472 692 1556 prohibeat
718 1493 771 1536 eos
797 1473 901 1536 facere
930 1475 1107 1557 proficuum
1131 1495 1226 1538 suum
1252 1475 1292 1537 de

150 1572 338 1635 nemoribus
354 1579 387 1635 et
401 1572 540 1654 pasturis
556 1592 674 1636 acrum.
719 1572 762 1636 Et
783 1571 923 1637 habeant
943 1573 1042 1637 libere
1058 1572 1240 1638 forestarios
1260 1579 1293 1635 at

150 1670 321 1733 ministros
341 1689 415 1733 suos
437 1669 479 1732 ad
500 1691 631 1733 nemora
653 1690 711 1733 sua
733 1675 765 1734 et
790 1675 937 1753 pasturas
960 1692 1034 1735 suas
1057 1671 1292 1736 custodiendas.

151 1770 197 1832 Et
211 1768 418 1851 prohibemus
433 1789 474 1832 ne
490 1768 608 1851 aliquis
630 1768 714 1832 infra
728 1775 831 1833 metas
847 1775 880 1833 et
895 1769 1015 1833 divisas
1029 1770 1125 1853 praed.
1142 1769 1293 1832 Ecclesiae

150 1867 294 1931 Abbatis
324 1873 357 1930 et
386 1866 615 1930 monachorum
645 1887 814 1931 commune
843 1867 961 1932 habeat
990 1869 1026 1931 in
1051 1867 1234 1931 nemoribus
1261 1871 1294 1929 et

152 1967 297 2052 pasturis
323 1987 442 2043 eorum,
464 1967 527 2031 nisi
549 1987 607 2050 per
627 1967 792 2031 licentiam
815 1988 932 2031 eorum.
977 1969 1021 2032 Et
1043 1967 1219 2032 clamamus
1241 1985 1295 2029 eos

153 2067 284 2151 quietos
305 2067 345 2129 de
361 2067 468 2130 vastis
491 2073 524 2130 et
545 2066 689 2130 essartis¹
706 2073 739 2130 et
761 2066 947 2151 regwardis²
962 2068 1096 2133 forestae
1141 2065 1295 2131 Concedi-

153 2186 229 2230 mus
252 2166 398 2228 etiamst
417 2165 609 2248 contpraed.
626 2164 777 2229 Ecclesiae
799 2186 910 2230 omnes
933 2166 1122 2230 donationes
1144 2171 1177 2229 et
1199 2165 1296 2228 liber-

152 2271 239 2329 tates
255 2271 288 2328 et
302 2265 551 2328 consuetudines
566 2265 675 2348 qua[s]
691 2265 878 2329 Willelmus
894 2266 973 2343 Rex,
988 2266 1109 2331 abavus
1131 2272 1248 2343 nostor,
1263 2272 1296 2328 et

153 2364 342 2428 Willelmus
368 2365 438 2427 Rex
460 2365 547 2428 filius
573 2365 652 2447 ejus,
675 2372 707 2428 et
733 2364 895 2429 Henricus
922 2366 992 2431 Rex
1018 2387 1155 2450 proavus
1179 2371 1297 2442 noster,

153 2470 188 2529 et
210 2462 368 2546 gloriosus
389 2463 458 2526 Itex
474 2463 645 2539 Henricus,
660 2469 751 2545 pater
772 2469 890 2541 noster,
906 2465 1010 2528 eidam
1032 2465 1185 2530 Ecclesiae
1200 2464 1295 2528 dede-

152 2567 244 2638 runt,
267 2567 300 2624 et
326 2562 420 2624 cartis
446 2562 514 2624 suis
540 2562 817 2626 confirmaverunt.
863 2563 983 2628 Omnes
1007 2585 1083 2628 vero
1107 2564 1296 2628 donationes

152 2660 316 2724 Willelmi
332 2660 371 2724 de
383 2661 482 2737 Perci,
497 2661 677 2724 fundatoris
699 2662 794 2744 praed.
811 2662 971 2740 Abbatiae,
987 2669 1020 2727 at
1033 2665 1134 2727 Alani
1149 2663 1188 2727 de
1204 2662 1296 2726 Perci

154 2760 217 2824 filii
244 2760 323 2842 ejus,
344 2764 378 2822 et
402 2759 561 2823 Willelmi
583 2761 622 2823 de
649 2760 741 2823 Perci
764 2760 825 2824 filii
848 2761 956 2838 Alani,
980 2768 1013 2825 et
1039 2763 1176 2826 aliorum
1200 2761 1296 2824 advo-

154 2866 302 2925 catorum
317 2879 457 2935 suorum,
468 2859 555 2922 unde
569 2859 691 2923 habent
706 2866 809 2923 cartas
825 2881 955 2940 eorum;
973 2866 1006 2924 et
1021 2861 1100 2924 duas
1115 2865 1297 2925 carrucatas

153 2961 226 3023 t'rae
248 2959 284 3020 in
307 2958 505 3035 Hakanessa,
528 2967 561 3021 et
579 2964 718 3041 quatuor
739 2959 776 3021 in
798 2958 966 3035 Nordfeld,
989 2965 1022 3022 et
1044 2959 1123 3022 duas
1145 2960 1181 3021 in
1203 2957 1296 3019 Brin-

153 3057 286 3132 istona‚³
311 3077 386 3120 cum
412 3064 490 3139 pert.
515 3057 592 3133 suis,
617 3057 688 3120 sine
718 3058 808 3121 omni
833 3057 935 3140 geldo,
959 3057 1164 3121 concedimus
1192 3056 1238 3118 eis
1265 3062 1297 3118 et

154 3156 239 3221 conf.
256 3156 291 3217 in
313 3156 404 3219 elem.
419 3162 615 3238 perpetuam.
663 3157 768 3232 Quare
783 3158 933 3220 volumus
949 3161 982 3220 et
997 3156 1130 3220 firmiter
1151 3154 1296 3238 praecipi-

155 3277 232 3319 mus
255 3262 292 3317 ut
314 3255 395 3318 bene
411 3260 444 3318 et
458 3257 493 3317 in
515 3276 602 3338 pace,
617 3255 716 3319 libere
739 3261 771 3318 et
794 3255 966 3320 honorilice
989 3261 1021 3319 et
1037 3256 1144 3339 quiete
1166 3258 1298 3318 teneant

155 3354 309 3421 ecclesias
324 3359 357 3418 et
372 3355 511 3418 decimas
528 3362 560 3417 ct
575 3355 649 3418 t'ras
672 3375 754 3430 suas,
770 3355 805 3416 in
820 3356 915 3418 bosco
931 3361 964 3419 et
979 3356 1085 3437 plano,
1100 3355 1134 3417 in
1149 3353 1249 3437 pratis
1265 3358 1298 3417 et

156 3453 310 3538 past-uris,
325 3454 360 3515 in
376 3454 467 3535 aquis
491 3461 523 3516 ct
545 3453 749 3530 molendinis,
763 3454 799 3515 in
814 3453 958 3517 mariscis
975 3461 1008 3518 et
1022 3454 1163 3531 vivariis
1178 3458 1211 3517 et
1232 3453 1297 3535 pis-

156 3552 254 3616 cariis
277 3558 309 3613 et
330 3552 469 3614 exclusis
485 3558 517 3615 et
537 3552 667 3634 stagnis,
682 3553 766 3614 infra
785 3553 919 3634 burgam
941 3559 974 3616 et
996 3558 1095 3629 extra,
1111 3554 1146 3615 in
1168 3552 1245 3615 foris
1266 3556 1299 3614 et

156 3651 257 3726 laniis,
273 3650 307 3711 in
330 3651 462 3714 civitate
485 3659 517 3713 ct
539 3659 638 3727 extra,
653 3651 687 3713 in
710 3651 835 3715 forestis
851 3657 885 3714 et
907 3651 1030 3730 divisis,
1046 3654 1081 3715 in
1095 3653 1248 3716 vaccariis
1266 3657 1299 3714 et

157 3751 383 3824 heremitoriis,
398 3751 432 3811 in
448 3751 510 3812 viis
533 3758 565 3812 et
588 3751 722 3827 semitis,
737 3757 771 3814 et
793 3751 827 3813 in
850 3772 934 3816 omn.
949 3752 1029 3816 locis
1052 3759 1085 3816 et
1105 3754 1209 3829 rebus,
1225 3773 1298 3815 cum

157 3872 244 3913 omn
257 3850 460 3913 libertatibus
473 3857 505 3912 ct
517 3849 769 3932 quietationibus
781 3871 855 3914 cum
867 3852 985 3934 quibus
998 3852 1112 3915 melius
1124 3858 1156 3915 ct
1167 3852 1299 3914 liberius

158 3957 335 4014 tenuerunt
351 3950 548 4030 temporibus
565 3949 721 4012 Willelmi
740 3951 845 4033 Regis,
860 3950 953 4013 abavi
969 3952 1078 4026 nostri,
1094 3957 1126 4014 et
1142 3949 1298 4011 Willelrni

160 4050 260 4131 Regis
285 4048 344 4110 filii
367 4050 445 4129 ejus,
468 4052 500 4110 et
528 4049 662 4111 Henrioi
686 4050 781 4132 Regis
808 4051 919 4132 proavi
945 4050 1056 4125 nostri,
1083 4049 1143 4131 [et]
1169 4048 1298 4130 gloriosi

161 4147 259 4230 Regis
297 4147 442 4223 Henrici,
472 4149 573 4230 patris
611 4149 719 4212 nostri.
780 4151 881 4212 Teste.
942 4149 978 4212 R.
1009 4148 1093 4211 And.
1131 4148 1297 4230 Episcopo.

161 4248 288 4311 Cornitc
312 4247 352 4309 dc
379 4247 501 4310 Mollet.
547 4247 692 4310 Galfridc
719 4249 841 4311 Lostur.
896 4248 1072 4331 Reginaldo
1099 4246 1138 4310 dc
1165 4248 1300 4323 Patell’,⁴

198 4384 207 4416 ¹
227 4384 393 4435 massariis.
576 4381 585 4414 ²
604 4384 641 4434 M.
656 4385 797 4450 reguardis.
971 4383 982 4417 ³
1001 4386 1038 4436 M.
1052 4384 1262 4451 Briningestona.

197 4466 206 4497 '¹
227 4468 297 4518 Note
310 4467 413 4532 Rogcro
426 4467 459 4516 de
471 4467 579 4517 Pratcll'
592 4471 620 4518 at
634 4468 685 4518 ond
699 4469 727 4517 ol
740 4467 788 4518 Nc.
806 4471 864 4520 188.
