2866 5002
146 122 207 178 232
330 126 603 180 CARTULARIUM
622 124 827 177 ABBA'l'HlAE
845 126 900 177 DE
919 126 1118 179 WHlTEBY.

1339 251 1364 297 N

145 294 212 356 rl'ni
224 292 263 357 de
274 295 439 368 Tameton,
449 290 529 374 ipsis
538 290 666 354 Abbate
680 297 714 354 et
725 291 901 355 Conventir
914 292 1136 357 medietatem
1147 290 1272 355 dimna
1355 364 1364 393 1

147 393 344 455 decimarum
359 397 439 455 tunc
461 392 474 465 (
476 405 496 470 7
500 388 549 473 5¹²)
564 391 830 473 percipientibus,
844 392 1118 473 possidentibus,
1130 398 1212 477 perte
1221 408 1277 453 vero

147 492 227 554 dicti
243 491 409 554 laurentii
423 491 510 573 ipsus
525 489 667 553 decimas
681 489 724 553 ad
741 490 818 554 coel.
832 490 875 553 de
901 491 1091 577 Stokesley
1104 493 1219 577 integre
1228 508 1281 574 pa·

147 591 250 652 tinere
264 598 436 666 asserente,
456 590 583 653 ratione
600 590 685 673 juris
703 589 1014 656 communis—scil.
1031 592 1176 676 eoquod
1195 592 1283 655 doinus

148 689 189 750 de
200 709 264 769 qua
274 687 368 751 dictae
378 688 511 751 decimae
519 688 752 772 proveniebant
760 689 824 752 sita
832 688 901 752 fuit
912 690 1010 753 infra
1020 688 1287 775 limitapnuch‘n

148 786 189 848 de
205 786 381 869 Stokesley.
426 786 579 862 Tandem,
590 787 677 850 facta
687 786 903 870 inquisitione
919 788 1124 872 diligenter,
1136 797 1203 856 tarn
1214 806 1288 873 snper

149 885 357 966 possessione,
372 905 469 967 quam
489 886 563 968 jure
586 885 746 949 dictorum
760 884 904 949 Abbatis
921 892 958 950 et
974 887 1103 967 Conv,
1117 888 1202 973 quod
1213 886 1289 951 habe

149 983 231 1045 bant
245 983 281 1044 in
302 982 399 1046 dietis
421 982 556 1048 decimis
577 983 703 1047 ratione
720 989 860 1066 pasturae
883 985 1059 1050 territorii
1082 987 1126 1052 de
1140 984 1287 1062 Atonain

150 1101 216 1163 qua
230 1081 337 1144 averia
358 1080 505 1144 d’norum
519 1082 672 1165 predictae
686 1081 802 1145 domus
816 1081 857 1145 de
879 1082 1080 1149 Tametons
1094 1086 1289 1170 pascebantur,

151 1180 315 1243 decretum
326 1180 391 1243 suit
401 1180 570 1264 praedictos
579 1180 740 1245 Abbatem
754 1185 788 1245 et
802 1179 905 1246 Oonv,
917 1182 1147 1251 medietatem
1158 1184 1289 1249 dictum

151 1279 348 1342 decimarum
359 1280 449 1363 juste
464 1279 673 1363 [possidere],¹
688 1286 722 1344 et
736 1279 777 1343 ad
792 1279 867 1344 eccl
878 1300 981 1345 suam
999 1282 1048 1348 de
1059 1285 1175 1350 Atona
1184 1284 1222 1350 de
1233 1302 1289 1349 cor

152 1377 323 1441 suetudine
338 1379 514 1461 approbata
527 1385 561 1443 et
576 1384 710 1463 optenta
720 1378 890 1462 pertinere.
939 1380 1123 1448 Suscitata
1136 1404 1212 1449 vero
1223 1388 1288 1467 post·

152 1477 284 1540 modum
313 1500 409 1561 super
439 1479 561 1543 eisdem
590 1479 725 1543 decimis
751 1478 964 1545 contentione
992 1502 1061 1565 per
1091 1492 1287 1569 procuratore

153 1577 318 1659 Stephani,
333 1579 477 1643 Rectoris
488 1579 587 1642 dictae
602 1578 744 1642 ecclesiae
765 1578 805 1642 de
821 1578 1012 1665 Stokesley,
1029 1590 1150 1649 contra
1165 1583 1286 1669 prefatos

152 1675 313 1739 Abbatem
334 1682 367 1739 et
393 1677 502 1753 Oonv,
528 1677 727 1760 temporibus
752 1675 905 1754 Serlonis,
931 1678 1113 1747 Johannis
1138 1688 1174 1748 et
1196 1678 1285 1764 Rogo

1354 1499 1364 1540 ί

1354 1599 1364 1660 l

1354 1677 1364 1741 i

152 1774 462 1839 Archidiaconorum
471 1774 1139 1860 Olyvelandiae,Radulfo[de]Tametona
1162 1781 1283 1847 debanna
1356 1812 1364 1823 ·

154 1874 292 1951 Medico,
307 1875 452 1938 Waltero
474 1874 514 1938 de
537 1874 688 1959 Mubray,
703 1881 736 1939 et
751 1873 919 1939 Willelmo
942 1876 1017 1942 filio
1042 1881 1119 1964 ejus
1141 1876 1282 1945 villando

1357 1877 1364 1940 l

154 1974 329 2037 Tametona
364 1974 546 2038 successive
578 1974 774 2050 tenentibus,
802 1993 860 2056 per
892 1986 1150 2043 sacramentum
1177 1974 1281 2051 Deceni,
1359 1999 1364 2041 t

154 2074 356 2136 Vicariorum
377 2080 411 2137 et
425 2073 673 2156 capellanorum
688 2072 833 2156 Capituli
848 2073 1087 2158 Olyvelandiae
1108 2077 1280 2165 recognitum

1360 2098 1364 2139 l

153 2172 218 2235 fuit
232 2173 419 2255 saepedictos
435 2172 594 2236 Abbatem
618 2180 651 2237 et
673 2173 772 2237 Conv.
795 2172 1010 2239 medietatem
1035 2176 1201 2243 dictarum
1219 2173 1279 2241 deti
1362 2231 1364 2238 ,

154 2291 288 2347 marum,
304 2272 374 2335 sine
388 2271 476 2335 omni
491 2272 708 2350 contentione,
723 2271 838 2336 debere
858 2271 1041 2357 percipere.
1090 2278 1135 2342 In
1154 2270 1280 2361 cujnsrei

153 2371 376 2434 testimonium
392 2373 414 2435 J
438 2420 445 2434 .
469 2421 475 2435 .
499 2421 515 2448 .,
531 2372 648 2435 Rector
662 2371 805 2437 ecclesiae
820 2370 861 2434 de
871 2372 999 2452 Loftus,
1015 2376 1178 2443 Decanns
1191 2376 1278 2459 Olym

153 2469 289 2548 landiae;
312 2469 469 2552 Magister
483 2469 523 2533 de
537 2469 571 2533 N
572 2470 699 2550 ewerk3
720 2469 904 2534 Willelmus
927 2468 968 2535 de
984 2472 1178 2561 Stokesley,
1192 2476 1280 2540 Reor
1307 2464 1310 2469 ¹

154 2571 228 2633 eccl.
252 2569 292 2633 de
315 2569 470 2633 Elvintou
482 2593 490 2649 ;
516 2569 555 2633 de
579 2571 747 2654 Kyrkeby,
768 2569 808 2634 de
831 2569 1002 2655 Ormesby,
1026 2573 1071 2639 de
1094 2570 1279 2660 Rudeby,ds

153 2746 181 2795 oi
199 2761 270 2794 some
288 2744 340 2794 few
358 2760 436 2808 years
454 2743 548 2794 earlier
565 2743 636 2796 date.
683 2745 752 2796 Itis
770 2746 900 2811 apparent
917 2743 980 2795 that
1001 2750 1021 2774 ‘⁶
1032 2746 1111 2801 Will.
1132 2742 1283 2801 deminuit

153 2827 284 2877 Tamtou''
302 2827 325 2876 is
343 2827 391 2877 the
409 2826 523 2887 earliest,
544 2827 648 2894 though
666 2827 730 2893 only
747 2828 785 2893 by
801 2827 879 2878 three
896 2830 927 2877 to
945 2826 1000 2879 lire
1018 2846 1112 2895 years,
1134 2837 1167 2885 st
1182 2827 1284 2893 nmis

152 2910 228 2975 point
240 2910 268 2959 oi
279 2909 352 2973 time,
365 2908 408 2959 for
418 2908 593 2961 Arehdeacon
605 2910 679 2962 Serlo
691 2909 824 2961 sndJohn
837 2926 882 2961 sre
893 2909 989 2975 placed
1000 2910 1043 2979 by
1052 2912 1092 2965 Io
1103 2914 1185 2967 Neve
1192 2914 1284 2973 inlati.

154 2995 223 3044 1230
236 2992 412 3057 respectively
425 2993 524 3058 (Roger
540 2995 588 3044 not
599 2992 679 3060 being
690 2993 788 3044 named
804 2996 835 3044 at
846 2992 883 3043 ell
894 2992 932 3058 by
943 2992 1025 3057 him),
1039 2996 1127 3049 while
1138 2994 1285 3051 manni·

150 3077 180 3125 in
193 3076 266 3126 office
284 3079 312 3127 in
326 3078 403 3129 1225.
441 3077 504 3128 Still
517 3078 574 3129 itis
585 3095 653 3144 very
664 3077 779 3130 difficult
796 3082 826 3130 to
837 3076 916 3129 make
928 3081 979 3129 out
990 3079 1074 3133 what
1084 3082 1138 3136 the
1150 3083 1285 3137 mnoeflfl

151 3159 272 3209 between
289 3160 336 3210 the
348 3160 449 3210 several
466 3177 575 3226 persons
589 3161 685 3212 named
702 3160 786 3227 really
797 3176 861 3227 was,
873 3176 904 3211 or
914 3164 946 3211 to
962 3168 1086 3217 mouns
1103 3166 1152 3219 for
1167 3166 1215 3221 tlte
1228 3161 1286 3233 nlfl

151 3243 299 3293 succession
316 3244 345 3293 in
362 3244 410 3294 the
428 3252 535 3295 mentes
547 3245 576 3295 oi
592 3246 641 3296 the
658 3246 793 3311 Tampton
810 3248 830 3275 “
840 3241 955 3296 domus’'
973 3260 1007 3295 or
1026 3248 1286 3315 “maner-imm

151 3342 247 3392 among
258 3327 304 3376 the
317 3327 504 3378 Archdeacons
520 3327 610 3394 being,
621 3331 730 3395 change
740 3331 771 3379 to
782 3343 838 3393 say,
851 3327 959 3393 equally
971 3329 1064 3394 rapid.
1101 3332 1166 3387 Tne
1181 3328 1287 3387 lim

150 3411 189 3459 tie
209 3409 331 3460 between
345 3410 465 3460 William
477 3411 511 3462 de
529 3412 646 3477 Mubray
658 3411 693 3462 de
711 3411 843 3477 Tampton
860 3409 917 3461 end
927 3409 1057 3465 willim
1074 3414 1113 3467 de
1132 3412 1287 3485 Tmptoe‘s

150 3493 212 3552 also,
228 3497 257 3542 to
270 3510 317 3558 say
329 3493 376 3543 the
393 3494 463 3543 least
480 3493 509 3545 of
525 3494 556 3558 it,
568 3496 748 3561 notewortby.
786 3495 815 3546 Is
827 3494 850 3546 it
861 3493 980 3560 possible
996 3494 1067 3549 thas
1078 3498 1132 3553 tlte
1143 3495 1287 3553 wilm

150 3577 287 3637 Tameton,
299 3576 440 3628 Seneschal
449 3577 478 3627 oi
489 3578 569 3628 Peter
577 3578 612 3629 de
622 3578 692 3629 Brus
703 3593 722 3629 1.
733 3594 789 3629 wss
800 3594 817 3629 a
830 3576 980 3642 Mowbray,
988 3578 1049 3631 md
1057 3580 1119 3635 eleo
1128 3582 1180 3637 eno
1190 3582 1286 3636 Will'ss

150 3663 166 3686 ‘⁴
176 3657 300 3710 dominus
312 3660 346 3710 de
358 3659 514 3726 Tampton''
525 3660 553 3711 in
566 3662 741 3714 Archdeacon
760 3660 917 3712 Mattbew's
926 3660 1002 3723 time,
1016 3664 1077 3717 md
1094 3666 1163 3721 tbst
1176 3664 1286 3721 ndul-

149 3741 293 3792 succeeded
310 3742 375 3803 him,
390 3742 483 3809 giving
500 3744 576 3808 place
593 3745 691 3797 almost
708 3743 892 3808 immediately
903 3746 934 3795 to
950 3742 1015 3795 Joh.
1030 3744 1172 3815 Medicus,
1186 3748 1237 3803 aa
1250 3746 1285 3799 b

148 3822 231 3874 latter
242 3840 272 3874 as
284 3826 402 3891 speedily
415 3831 445 3878 to
457 3826 561 3878 Walter
573 3827 607 3878 de
620 3828 737 3894 Mubray
748 3828 802 3880 and
814 3827 856 3879 bis
867 3842 917 3879 son
927 3824 1063 3894 erlim,
1076 3830 1118 3899 by
1128 3834 1286 3889 summit

147 3906 195 3956 the
208 3907 319 3973 original
331 3910 447 3976 family?

185 3987 193 4019 ¹
213 3990 290 4040 Some
303 3993 367 4043 verb
380 3993 402 4045 is
415 3993 539 4060 required
552 3994 623 4057 here,
636 3996 690 4046 and
702 3995 834 4062 probably
846 3994 895 4046 the
907 3994 984 4047 word
995 3999 1130 4067 supplied
1142 4018 1207 4071 may
1219 4012 1283 4067 repm

147 4077 208 4123 sant
221 4073 250 4123 it.
