<?xml version="1.0" encoding="UTF-8"?>
<!DOCTYPE html PUBLIC "-//W3C//DTD XHTML 1.0 Transitional//EN"
    "http://www.w3.org/TR/xhtml1/DTD/xhtml1-transitional.dtd">
<html xmlns="http://www.w3.org/1999/xhtml" xml:lang="en" lang="en">
 <head>
  <title>
</title>
<meta http-equiv="Content-Type" content="text/html;charset=utf-8" />
  <meta name='ocr-system' content='tesseract 3.04.00' />
  <meta name='ocr-capabilities' content='ocr_page ocr_carea ocr_par ocr_line ocrx_word'/>
</head>
<body>
  <div class='ocr_page' id='page_1' title='image "./cartulariumabba01abbegoog_0266.png"; bbox 0 0 2866 5002; ppageno 0'>
   <div class='ocr_carea' id='block_1_1' title="bbox 261 522 1212 581">
    <p class='ocr_par' dir='ltr' id='par_1_1' title="bbox 261 522 1212 581">
     <span class='ocr_line' id='line_1_1' title="bbox 261 522 1212 581; baseline 0 -3"><span class='ocrx_word' id='word_1_1' title='bbox 261 522 320 578; x_wconf 89' lang='grc'>166</span> <span class='ocrx_word' id='word_1_2' title='bbox 441 527 711 581; x_wconf 83' lang='lat' dir='ltr'>OARTULARIUM</span> <span class='ocrx_word' id='word_1_3' title='bbox 728 526 930 577; x_wconf 81' lang='lat' dir='ltr'><strong>ABBATHIAE</strong></span> <span class='ocrx_word' id='word_1_4' title='bbox 949 527 998 576; x_wconf 88' lang='lat' dir='ltr'>DE</span> <span class='ocrx_word' id='word_1_5' title='bbox 1015 525 1212 578; x_wconf 80' lang='lat' dir='ltr'>WHITEBY.</span> 
     </span>
    </p>
   </div>
   <div class='ocr_carea' id='block_1_2' title="bbox 259 690 1394 2465">
    <p class='ocr_par' dir='ltr' id='par_1_2' title="bbox 259 690 1394 2465">
     <span class='ocr_line' id='line_1_2' title="bbox 259 690 1385 778; baseline -0.004 -19"><span class='ocrx_word' id='word_1_6' title='bbox 259 695 402 778; x_wconf 89' lang='lat' dir='ltr'>capellis,</span> <span class='ocrx_word' id='word_1_7' title='bbox 417 701 450 758; x_wconf 94' lang='lat' dir='ltr'>et</span> <span class='ocrx_word' id='word_1_8' title='bbox 466 692 615 757; x_wconf 89' lang='lat' dir='ltr'>omnibus</span> <span class='ocrx_word' id='word_1_9' title='bbox 631 692 671 755; x_wconf 90' lang='lat' dir='ltr'>ad</span> <span class='ocrx_word' id='word_1_10' title='bbox 687 711 758 756; x_wconf 89' lang='lat' dir='ltr'>eam</span> <span class='ocrx_word' id='word_1_11' title='bbox 773 690 1019 775; x_wconf 90' lang='lat' dir='ltr'>pertinentibus,</span> <span class='ocrx_word' id='word_1_12' title='bbox 1035 695 1068 754; x_wconf 89' lang='lat' dir='ltr'>et</span> <span class='ocrx_word' id='word_1_13' title='bbox 1084 691 1161 756; x_wconf 88' lang='lat' dir='ltr'>eool</span> <span class='ocrx_word' id='word_1_14' title='bbox 1179 691 1220 755; x_wconf 94' lang='lat' dir='ltr'>de</span> <span class='ocrx_word' id='word_1_15' title='bbox 1236 691 1385 774; x_wconf 78' lang='lat' dir='ltr'>Kyrkeby,</span> 
     </span>
     <span class='ocr_line' id='line_1_3' title="bbox 260 787 1385 875; baseline -0.005 -18"><span class='ocrx_word' id='word_1_16' title='bbox 260 815 334 858; x_wconf 90' lang='lat' dir='ltr'>cum</span> <span class='ocrx_word' id='word_1_17' title='bbox 360 799 441 875; x_wconf 91' lang='lat' dir='ltr'>pert.</span> <span class='ocrx_word' id='word_1_18' title='bbox 468 791 545 867; x_wconf 87' lang='lat' dir='ltr'>suis,</span> <span class='ocrx_word' id='word_1_19' title='bbox 575 796 608 854; x_wconf 91' lang='lat' dir='ltr'>et</span> <span class='ocrx_word' id='word_1_20' title='bbox 633 789 709 854; x_wconf 89' lang='lat' dir='ltr'>eccl.</span> <span class='ocrx_word' id='word_1_21' title='bbox 736 790 776 854; x_wconf 90' lang='lat' dir='ltr'>de</span> <span class='ocrx_word' id='word_1_22' title='bbox 801 787 961 872; x_wconf 89' lang='lat' dir='ltr'>Englebi‚1</span> <span class='ocrx_word' id='word_1_23' title='bbox 983 809 1056 853; x_wconf 91' lang='lat' dir='ltr'>cum</span> <span class='ocrx_word' id='word_1_24' title='bbox 1088 795 1171 873; x_wconf 89' lang='lat' dir='ltr'>port.</span> <span class='ocrx_word' id='word_1_25' title='bbox 1199 789 1276 866; x_wconf 89' lang='lat' dir='ltr'>suis,</span> <span class='ocrx_word' id='word_1_26' title='bbox 1304 809 1385 873; x_wconf 88' lang='lat' dir='ltr'>quarn</span> 
     </span>
     <span class='ocr_line' id='line_1_4' title="bbox 260 887 1385 972; baseline -0.004 -18"><span class='ocrx_word' id='word_1_27' title='bbox 260 892 377 968; x_wconf 90' lang='lat' dir='ltr'>Adam,</span> <span class='ocrx_word' id='word_1_28' title='bbox 399 891 575 954; x_wconf 86' lang='lat' dir='ltr'>advocatus</span> <span class='ocrx_word' id='word_1_29' title='bbox 605 889 749 972; x_wconf 90' lang='lat' dir='ltr'>ejusdem</span> <span class='ocrx_word' id='word_1_30' title='bbox 782 887 933 965; x_wconf 86' lang='lat' dir='ltr'>ecclesiae,</span> <span class='ocrx_word' id='word_1_31' title='bbox 965 908 1017 952; x_wconf 93' lang='lat' dir='ltr'>me</span> <span class='ocrx_word' id='word_1_32' title='bbox 1049 895 1221 971; x_wconf 88' lang='lat' dir='ltr'>praesente,</span> <span class='ocrx_word' id='word_1_33' title='bbox 1250 889 1385 971; x_wconf 86' lang='lat' dir='ltr'><strong>meisque,</strong></span> 
     </span>
     <span class='ocr_line' id='line_1_5' title="bbox 260 985 1384 1071; baseline -0.004 -18"><span class='ocrx_word' id='word_1_34' title='bbox 260 990 414 1054; x_wconf 89' lang='lat' dir='ltr'>Ecclesiae</span> <span class='ocrx_word' id='word_1_35' title='bbox 429 988 526 1071; x_wconf 88' lang='lat' dir='ltr'>praed.</span> <span class='ocrx_word' id='word_1_36' title='bbox 542 987 583 1051; x_wconf 90' lang='lat' dir='ltr'>de</span> <span class='ocrx_word' id='word_1_37' title='bbox 597 987 741 1070; x_wconf 83' lang='lat' dir='ltr'>Wyteby</span> <span class='ocrx_word' id='word_1_38' title='bbox 756 1007 852 1070; x_wconf 91' lang='lat' dir='ltr'>super</span> <span class='ocrx_word' id='word_1_39' title='bbox 873 1006 1000 1050; x_wconf 89' lang='lat' dir='ltr'>sacrum</span> <span class='ocrx_word' id='word_1_40' title='bbox 1016 985 1126 1063; x_wconf 89' lang='lat' dir='ltr'>altare,</span> <span class='ocrx_word' id='word_1_41' title='bbox 1141 986 1179 1050; x_wconf 94' lang='lat' dir='ltr'>in</span> <span class='ocrx_word' id='word_1_42' title='bbox 1198 987 1252 1052; x_wconf 92' lang='lat' dir='ltr'>lib.</span> <span class='ocrx_word' id='word_1_43' title='bbox 1269 994 1301 1051; x_wconf 92' lang='lat' dir='ltr'>et</span> <span class='ocrx_word' id='word_1_44' title='bbox 1314 1007 1384 1070; x_wconf 85' lang='lat' dir='ltr'>perp.</span> 
     </span>
     <span class='ocr_line' id='line_1_6' title="bbox 261 1085 1384 1170; baseline -0.004 -17"><span class='ocrx_word' id='word_1_45' title='bbox 261 1089 352 1153; x_wconf 90' lang='lat' dir='ltr'>elem.</span> <span class='ocrx_word' id='word_1_46' title='bbox 374 1088 465 1152; x_wconf 90' lang='lat' dir='ltr'>dedit</span> <span class='ocrx_word' id='word_1_47' title='bbox 488 1095 520 1152; x_wconf 90' lang='lat' dir='ltr'>et</span> <span class='ocrx_word' id='word_1_48' title='bbox 543 1086 680 1151; x_wconf 91' lang='lat' dir='ltr'>obtulit:</span> <span class='ocrx_word' id='word_1_49' title='bbox 702 1086 787 1150; x_wconf 90' lang='lat' dir='ltr'>hanc</span> <span class='ocrx_word' id='word_1_50' title='bbox 808 1088 919 1170; x_wconf 88' lang='lat' dir='ltr'>itaque</span> <span class='ocrx_word' id='word_1_51' title='bbox 941 1085 1040 1151; x_wconf 91' lang='lat' dir='ltr'>simul</span> <span class='ocrx_word' id='word_1_52' title='bbox 1062 1107 1138 1151; x_wconf 91' lang='lat' dir='ltr'>cum</span> <span class='ocrx_word' id='word_1_53' title='bbox 1160 1087 1233 1151; x_wconf 88' lang='lat' dir='ltr'>aliis</span> <span class='ocrx_word' id='word_1_54' title='bbox 1253 1086 1384 1161; x_wconf 86' lang='lat' dir='ltr'>ecclesiis,</span> 
     </span>
     <span class='ocr_line' id='line_1_7' title="bbox 261 1169 1384 1269; baseline -0.003 -19"><span class='ocrx_word' id='word_1_55' title='bbox 261 1187 350 1250; x_wconf 89' lang='lat' dir='ltr'>salvo</span> <span class='ocrx_word' id='word_1_56' title='bbox 364 1187 436 1269; x_wconf 88' lang='lat' dir='ltr'>jure</span> <span class='ocrx_word' id='word_1_57' title='bbox 451 1186 660 1249; x_wconf 89' lang='lat' dir='ltr'>Eboraoensis</span> <span class='ocrx_word' id='word_1_58' title='bbox 676 1169 837 1263; x_wconf 80' lang='lat' dir='ltr'>Ecclesiae,</span> <span class='ocrx_word' id='word_1_59' title='bbox 852 1193 884 1249; x_wconf 91' lang='lat' dir='ltr'>et</span> <span class='ocrx_word' id='word_1_60' title='bbox 904 1185 1141 1269; x_wconf 87' lang='lat' dir='ltr'>episcopalibus</span> <span class='ocrx_word' id='word_1_61' title='bbox 1164 1185 1384 1250; x_wconf 89' lang='lat' dir='ltr'>consuetudini·</span> 
     </span>
     <span class='ocr_line' id='line_1_8' title="bbox 262 1284 1385 1368; baseline -0.001 -20"><span class='ocrx_word' id='word_1_62' title='bbox 262 1286 331 1361; x_wconf 91' lang='lat' dir='ltr'>bus,</span> <span class='ocrx_word' id='word_1_63' title='bbox 357 1284 391 1346; x_wconf 92' lang='lat' dir='ltr'>in</span> <span class='ocrx_word' id='word_1_64' title='bbox 418 1305 506 1368; x_wconf 89' lang='lat' dir='ltr'>perp.</span> <span class='ocrx_word' id='word_1_65' title='bbox 534 1284 624 1349; x_wconf 91' lang='lat' dir='ltr'>elem.</span> <span class='ocrx_word' id='word_1_66' title='bbox 652 1284 895 1364; x_wconf 82' lang='lat' dir='ltr'>confirmamus3</span> <span class='ocrx_word' id='word_1_67' title='bbox 925 1291 1059 1368; x_wconf 82' lang='lat' dir='ltr'>excepto</span> <span class='ocrx_word' id='word_1_68' title='bbox 1086 1284 1176 1368; x_wconf 89' lang='lat' dir='ltr'>quod</span> <span class='ocrx_word' id='word_1_69' title='bbox 1207 1284 1339 1349; x_wconf 89' lang='lat' dir='ltr'>ecclesia</span> <span class='ocrx_word' id='word_1_70' title='bbox 1364 1284 1385 1347; x_wconf 87' lang='lat' dir='ltr'>S.</span> 
     </span>
     <span class='ocr_line' id='line_1_9' title="bbox 263 1381 1385 1467; baseline -0.001 -20"><span class='ocrx_word' id='word_1_71' title='bbox 263 1384 375 1448; x_wconf 86' lang='lat' dir='ltr'>Mariae</span> <span class='ocrx_word' id='word_1_72' title='bbox 398 1385 438 1448; x_wconf 91' lang='lat' dir='ltr'>de</span> <span class='ocrx_word' id='word_1_73' title='bbox 453 1384 596 1466; x_wconf 84' lang='lat' dir='ltr'>Wyteby</span> <span class='ocrx_word' id='word_1_74' title='bbox 611 1385 722 1467; x_wconf 88' lang='lat' dir='ltr'>quieta</span> <span class='ocrx_word' id='word_1_75' title='bbox 741 1385 784 1448; x_wconf 89' lang='lat' dir='ltr'>sit</span> <span class='ocrx_word' id='word_1_76' title='bbox 804 1383 843 1448; x_wconf 93' lang='lat' dir='ltr'>de</span> <span class='ocrx_word' id='word_1_77' title='bbox 865 1383 987 1449; x_wconf 87' lang='lat' dir='ltr'>sinodo.</span> <span class='ocrx_word' id='word_1_78' title='bbox 1033 1385 1195 1448; x_wconf 88' lang='lat' dir='ltr'>Praeterea</span> <span class='ocrx_word' id='word_1_79' title='bbox 1211 1405 1286 1449; x_wconf 92' lang='lat' dir='ltr'>vero</span> <span class='ocrx_word' id='word_1_80' title='bbox 1306 1381 1385 1466; x_wconf 86' lang='lat' dir='ltr'>praed</span> 
     </span>
     <span class='ocr_line' id='line_1_10' title="bbox 262 1483 1386 1566; baseline -0.002 -18"><span class='ocrx_word' id='word_1_81' title='bbox 262 1485 414 1548; x_wconf 78' lang='lat' dir='ltr'>Ecclesia</span> <span class='ocrx_word' id='word_1_82' title='bbox 437 1484 467 1548; x_wconf 94' lang='lat' dir='ltr'>S.</span> <span class='ocrx_word' id='word_1_83' title='bbox 484 1485 518 1549; x_wconf 92' lang='lat' dir='ltr'>P.</span> <span class='ocrx_word' id='word_1_84' title='bbox 535 1490 567 1547; x_wconf 93' lang='lat' dir='ltr'>et</span> <span class='ocrx_word' id='word_1_85' title='bbox 583 1485 613 1548; x_wconf 90' lang='lat' dir='ltr'>S.</span> <span class='ocrx_word' id='word_1_86' title='bbox 630 1485 672 1549; x_wconf 88' lang='lat' dir='ltr'>H.</span> <span class='ocrx_word' id='word_1_87' title='bbox 688 1483 727 1548; x_wconf 91' lang='lat' dir='ltr'>de</span> <span class='ocrx_word' id='word_1_88' title='bbox 742 1484 895 1566; x_wconf 77' lang='lat' dir='ltr'>wyteby‚</span> <span class='ocrx_word' id='word_1_89' title='bbox 910 1490 943 1548; x_wconf 91' lang='lat' dir='ltr'>et</span> <span class='ocrx_word' id='word_1_90' title='bbox 958 1503 1042 1548; x_wconf 90' lang='lat' dir='ltr'>mon.</span> <span class='ocrx_word' id='word_1_91' title='bbox 1058 1484 1101 1549; x_wconf 91' lang='lat' dir='ltr'>ib.</span> <span class='ocrx_word' id='word_1_92' title='bbox 1117 1485 1191 1549; x_wconf 93' lang='lat' dir='ltr'>Deo</span> <span class='ocrx_word' id='word_1_93' title='bbox 1212 1506 1302 1562; x_wconf 70' lang='lat' dir='ltr'>serv„</span> <span class='ocrx_word' id='word_1_94' title='bbox 1316 1504 1386 1548; x_wconf 87' lang='lat' dir='ltr'>conc.</span> 
     </span>
     <span class='ocr_line' id='line_1_11' title="bbox 262 1583 1388 1668; baseline -0.003 -19"><span class='ocrx_word' id='word_1_95' title='bbox 262 1592 295 1650; x_wconf 91' lang='lat' dir='ltr'>et</span> <span class='ocrx_word' id='word_1_96' title='bbox 318 1586 543 1648; x_wconf 88' lang='lat' dir='ltr'>confirmamus</span> <span class='ocrx_word' id='word_1_97' title='bbox 565 1584 600 1646; x_wconf 96' lang='lat' dir='ltr'>in</span> <span class='ocrx_word' id='word_1_98' title='bbox 616 1584 707 1649; x_wconf 90' lang='lat' dir='ltr'>elem.</span> <span class='ocrx_word' id='word_1_99' title='bbox 728 1605 816 1667; x_wconf 83' lang='lat' dir='ltr'>perp.</span> <span class='ocrx_word' id='word_1_100' title='bbox 839 1584 924 1667; x_wconf 91' lang='lat' dir='ltr'>quod</span> <span class='ocrx_word' id='word_1_101' title='bbox 948 1584 1049 1667; x_wconf 84' lang='lat' dir='ltr'>Reges</span> <span class='ocrx_word' id='word_1_102' title='bbox 1063 1583 1206 1668; x_wconf 88' lang='lat' dir='ltr'>Angliac,</span> <span class='ocrx_word' id='word_1_103' title='bbox 1219 1584 1388 1649; x_wconf 89' lang='lat' dir='ltr'>Willelmus</span> 
     </span>
     <span class='ocr_line' id='line_1_12' title="bbox 263 1682 1388 1767; baseline -0.003 -18"><span class='ocrx_word' id='word_1_104' title='bbox 263 1691 296 1749; x_wconf 91' lang='lat' dir='ltr'>et</span> <span class='ocrx_word' id='word_1_105' title='bbox 311 1684 473 1748; x_wconf 90' lang='lat' dir='ltr'>Henrious</span> <span class='ocrx_word' id='word_1_106' title='bbox 489 1691 521 1747; x_wconf 90' lang='lat' dir='ltr'>et</span> <span class='ocrx_word' id='word_1_107' title='bbox 537 1682 720 1766; x_wconf 77' lang='lat' dir='ltr'>Stephanus</span> <span class='ocrx_word' id='word_1_108' title='bbox 736 1684 822 1767; x_wconf 90' lang='lat' dir='ltr'>pred.</span> <span class='ocrx_word' id='word_1_109' title='bbox 839 1683 991 1748; x_wconf 75' lang='lat' dir='ltr'>Ecclesiae</span> <span class='ocrx_word' id='word_1_110' title='bbox 1012 1682 1175 1748; x_wconf 90' lang='lat' dir='ltr'>dederunt</span> <span class='ocrx_word' id='word_1_111' title='bbox 1190 1691 1224 1748; x_wconf 89' lang='lat' dir='ltr'>et</span> <span class='ocrx_word' id='word_1_112' title='bbox 1238 1685 1388 1749; x_wconf 85' lang='lat' dir='ltr'>confirma·</span> 
     </span>
     <span class='ocr_line' id='line_1_13' title="bbox 263 1782 1388 1868; baseline 0 -21"><span class='ocrx_word' id='word_1_113' title='bbox 263 1782 521 1848; x_wconf 86' lang='lat' dir='ltr'>verunt-videl.</span> <span class='ocrx_word' id='word_1_114' title='bbox 537 1803 648 1847; x_wconf 92' lang='lat' dir='ltr'>omnes</span> <span class='ocrx_word' id='word_1_115' title='bbox 670 1783 836 1847; x_wconf 76' lang='lat' dir='ltr'>libertates</span> <span class='ocrx_word' id='word_1_116' title='bbox 859 1790 892 1847; x_wconf 90' lang='lat' dir='ltr'>et</span> <span class='ocrx_word' id='word_1_117' title='bbox 914 1782 1087 1868; x_wconf 82' lang='lat' dir='ltr'>dignitates</span> <span class='ocrx_word' id='word_1_118' title='bbox 1103 1792 1136 1848; x_wconf 90' lang='lat' dir='ltr'>et</span> <span class='ocrx_word' id='word_1_119' title='bbox 1152 1785 1388 1849; x_wconf 85' lang='lat' dir='ltr'>consuetudines</span> 
     </span>
     <span class='ocr_line' id='line_1_14' title="bbox 264 1881 1389 1960; baseline -0.002 -13"><span class='ocrx_word' id='word_1_120' title='bbox 264 1884 415 1949; x_wconf 79' lang='lat' dir='ltr'>Ecclesia</span> <span class='ocrx_word' id='word_1_121' title='bbox 446 1884 476 1948; x_wconf 92' lang='lat' dir='ltr'>S.</span> <span class='ocrx_word' id='word_1_122' title='bbox 503 1883 664 1947; x_wconf 90' lang='lat' dir='ltr'>Johannis</span> <span class='ocrx_word' id='word_1_123' title='bbox 690 1883 731 1946; x_wconf 88' lang='lat' dir='ltr'>de</span> <span class='ocrx_word' id='word_1_124' title='bbox 758 1883 939 1960; x_wconf 88' lang='lat' dir='ltr'>Beverlacc,</span> <span class='ocrx_word' id='word_1_125' title='bbox 966 1890 998 1947; x_wconf 90' lang='lat' dir='ltr'>et</span> <span class='ocrx_word' id='word_1_126' title='bbox 1023 1882 1109 1948; x_wconf 89' lang='lat' dir='ltr'>Eccl.</span> <span class='ocrx_word' id='word_1_127' title='bbox 1137 1884 1169 1950; x_wconf 93' lang='lat' dir='ltr'>S.</span> <span class='ocrx_word' id='word_1_128' title='bbox 1192 1883 1340 1948; x_wconf 87' lang='lat' dir='ltr'>Wilfridi</span> <span class='ocrx_word' id='word_1_129' title='bbox 1361 1881 1389 1946; x_wconf 88' lang='lat' dir='ltr'>de</span> 
     </span>
     <span class='ocr_line' id='line_1_15' title="bbox 264 1982 1391 2068; baseline -0.002 -21"><span class='ocrx_word' id='word_1_130' title='bbox 264 1984 394 2068; x_wconf 88' lang='lat' dir='ltr'>Ripum‚</span> <span class='ocrx_word' id='word_1_131' title='bbox 410 1990 442 2047; x_wconf 91' lang='lat' dir='ltr'>et</span> <span class='ocrx_word' id='word_1_132' title='bbox 464 1982 549 2048; x_wconf 88' lang='lat' dir='ltr'>Eccl.</span> <span class='ocrx_word' id='word_1_133' title='bbox 566 1984 597 2048; x_wconf 93' lang='lat' dir='ltr'>S.</span> <span class='ocrx_word' id='word_1_134' title='bbox 612 1983 701 2046; x_wconf 87' lang='lat' dir='ltr'>Petri</span> <span class='ocrx_word' id='word_1_135' title='bbox 717 1983 756 2046; x_wconf 90' lang='lat' dir='ltr'>dc</span> <span class='ocrx_word' id='word_1_136' title='bbox 771 1983 923 2049; x_wconf 89' lang='lat' dir='ltr'>Eboracc.</span> <span class='ocrx_word' id='word_1_137' title='bbox 968 1982 1124 2048; x_wconf 88' lang='lat' dir='ltr'>Similiter</span> <span class='ocrx_word' id='word_1_138' title='bbox 1138 1984 1237 2067; x_wconf 90' lang='lat' dir='ltr'>praed.</span> <span class='ocrx_word' id='word_1_139' title='bbox 1254 1983 1391 2049; x_wconf 83' lang='lat' dir='ltr'>Ecclesia</span> 
     </span>
     <span class='ocr_line' id='line_1_16' title="bbox 265 2081 1392 2165; baseline 0 -19"><span class='ocrx_word' id='word_1_140' title='bbox 265 2084 305 2146; x_wconf 90' lang='lat' dir='ltr'>de</span> <span class='ocrx_word' id='word_1_141' title='bbox 320 2082 463 2164; x_wconf 84' lang='lat' dir='ltr'>Wyteby</span> <span class='ocrx_word' id='word_1_142' title='bbox 479 2089 511 2146; x_wconf 91' lang='lat' dir='ltr'>et</span> <span class='ocrx_word' id='word_1_143' title='bbox 526 2102 610 2147; x_wconf 86' lang='lat' dir='ltr'>mon.</span> <span class='ocrx_word' id='word_1_144' title='bbox 623 2081 766 2165; x_wconf 90' lang='lat' dir='ltr'>ejusdem</span> <span class='ocrx_word' id='word_1_145' title='bbox 777 2082 840 2145; x_wconf 92' lang='lat' dir='ltr'>loci</span> <span class='ocrx_word' id='word_1_146' title='bbox 852 2102 937 2146; x_wconf 89' lang='lat' dir='ltr'>conc.</span> <span class='ocrx_word' id='word_1_147' title='bbox 954 2088 986 2145; x_wconf 92' lang='lat' dir='ltr'>et</span> <span class='ocrx_word' id='word_1_148' title='bbox 998 2081 1226 2146; x_wconf 90' lang='lat' dir='ltr'>confirmamus</span> <span class='ocrx_word' id='word_1_149' title='bbox 1238 2082 1392 2148; x_wconf 85' lang='lat' dir='ltr'>ecclesiam</span> 
     </span>
     <span class='ocr_line' id='line_1_17' title="bbox 263 2179 1392 2267; baseline 0 -21"><span class='ocrx_word' id='word_1_150' title='bbox 263 2183 357 2247; x_wconf 90' lang='lat' dir='ltr'>Omn.</span> <span class='ocrx_word' id='word_1_151' title='bbox 373 2184 562 2246; x_wconf 87' lang='lat' dir='ltr'>Sanctorum</span> <span class='ocrx_word' id='word_1_152' title='bbox 586 2181 626 2246; x_wconf 90' lang='lat' dir='ltr'>de</span> <span class='ocrx_word' id='word_1_153' title='bbox 648 2179 851 2266; x_wconf 79' lang='lat' dir='ltr'>Riskergate²</span> <span class='ocrx_word' id='word_1_154' title='bbox 872 2181 908 2245; x_wconf 94' lang='lat' dir='ltr'>iu</span> <span class='ocrx_word' id='word_1_155' title='bbox 927 2181 1070 2245; x_wconf 88' lang='lat' dir='ltr'>Eboracc</span> <span class='ocrx_word' id='word_1_156' title='bbox 1096 2183 1126 2267; x_wconf 86' lang='lat'>(5</span> <span class='ocrx_word' id='word_1_157' title='bbox 1133 2180 1192 2265; x_wconf 56' lang='grc' dir='ltr'>ψ),</span> <span class='ocrx_word' id='word_1_158' title='bbox 1217 2203 1304 2249; x_wconf 90' lang='lat' dir='ltr'>cum.</span> <span class='ocrx_word' id='word_1_159' title='bbox 1326 2189 1392 2266; x_wconf 87' lang='lat' dir='ltr'>pert</span> 
     </span>
     <span class='ocr_line' id='line_1_18' title="bbox 264 2280 1394 2365; baseline -0.001 -20"><span class='ocrx_word' id='word_1_160' title='bbox 264 2281 340 2356; x_wconf 87' lang='lat' dir='ltr'>suia,</span> <span class='ocrx_word' id='word_1_161' title='bbox 355 2302 427 2364; x_wconf 89' lang='lat' dir='ltr'>quae</span> <span class='ocrx_word' id='word_1_162' title='bbox 442 2281 572 2365; x_wconf 90' lang='lat' dir='ltr'>propria</span> <span class='ocrx_word' id='word_1_163' title='bbox 588 2281 669 2345; x_wconf 90' lang='lat' dir='ltr'>cella</span> <span class='ocrx_word' id='word_1_164' title='bbox 690 2280 921 2346; x_wconf 89' lang='lat' dir='ltr'>monachorum</span> <span class='ocrx_word' id='word_1_165' title='bbox 936 2286 984 2345; x_wconf 87' lang='lat' dir='ltr'>est</span> <span class='ocrx_word' id='word_1_166' title='bbox 999 2281 1039 2345; x_wconf 91' lang='lat' dir='ltr'>de</span> <span class='ocrx_word' id='word_1_167' title='bbox 1053 2282 1209 2365; x_wconf 80' lang='lat' dir='ltr'>wyteby,</span> <span class='ocrx_word' id='word_1_168' title='bbox 1223 2283 1356 2348; x_wconf 83' lang='lat' dir='ltr'>liberam</span> <span class='ocrx_word' id='word_1_169' title='bbox 1369 2289 1394 2346; x_wconf 88' lang='lat' dir='ltr'>et</span> 
     </span>
     <span class='ocr_line' id='line_1_19' title="bbox 265 2381 1393 2465; baseline 0.002 -23"><span class='ocrx_word' id='word_1_170' title='bbox 265 2381 409 2463; x_wconf 90' lang='lat' dir='ltr'>quietam</span> <span class='ocrx_word' id='word_1_171' title='bbox 432 2381 472 2444; x_wconf 91' lang='lat' dir='ltr'>ab</span> <span class='ocrx_word' id='word_1_172' title='bbox 490 2381 577 2444; x_wconf 90' lang='lat' dir='ltr'>omni</span> <span class='ocrx_word' id='word_1_173' title='bbox 601 2381 777 2464; x_wconf 89' lang='lat' dir='ltr'>episcopali</span> <span class='ocrx_word' id='word_1_174' title='bbox 792 2381 1032 2458; x_wconf 88' lang='lat' dir='ltr'>consuetudine,</span> <span class='ocrx_word' id='word_1_175' title='bbox 1054 2402 1154 2465; x_wconf 85' lang='lat' dir='ltr'>quam</span> <span class='ocrx_word' id='word_1_176' title='bbox 1170 2383 1356 2447; x_wconf 90' lang='lat' dir='ltr'>Willelmus</span> <span class='ocrx_word' id='word_1_177' title='bbox 1369 2388 1393 2445; x_wconf 91' lang='lat' dir='ltr'>et</span> 
     </span>
    </p>
   </div>
   <div class='ocr_carea' id='block_1_3' title="bbox 263 2479 1395 3163">
    <p class='ocr_par' dir='ltr' id='par_1_3' title="bbox 263 2479 1395 3163">
     <span class='ocr_line' id='line_1_20' title="bbox 265 2479 1394 2565; baseline 0 -23"><span class='ocrx_word' id='word_1_178' title='bbox 265 2479 434 2556; x_wconf 87' lang='lat' dir='ltr'>Henricus‚</span> <span class='ocrx_word' id='word_1_179' title='bbox 457 2481 559 2564; x_wconf 88' lang='lat' dir='ltr'>Reges</span> <span class='ocrx_word' id='word_1_180' title='bbox 575 2480 708 2564; x_wconf 75' lang='lat' dir='ltr'>Augilas,</span> <span class='ocrx_word' id='word_1_181' title='bbox 724 2481 820 2565; x_wconf 88' lang='lat' dir='ltr'>praed.</span> <span class='ocrx_word' id='word_1_182' title='bbox 843 2481 1042 2545; x_wconf 90' lang='lat' dir='ltr'>Monasterio</span> <span class='ocrx_word' id='word_1_183' title='bbox 1064 2481 1234 2559; x_wconf 88' lang='lat' dir='ltr'>dederunt,</span> <span class='ocrx_word' id='word_1_184' title='bbox 1250 2503 1326 2546; x_wconf 92' lang='lat' dir='ltr'>cum</span> <span class='ocrx_word' id='word_1_185' title='bbox 1346 2479 1394 2544; x_wconf 85' lang='lat' dir='ltr'>tali</span> 
     </span>
     <span class='ocr_line' id='line_1_21' title="bbox 263 2579 1394 2662; baseline 0 -20"><span class='ocrx_word' id='word_1_186' title='bbox 263 2579 414 2642; x_wconf 86' lang='lat' dir='ltr'>libertate</span> <span class='ocrx_word' id='word_1_187' title='bbox 437 2579 566 2662; x_wconf 92' lang='lat' dir='ltr'>qualem</span> <span class='ocrx_word' id='word_1_188' title='bbox 587 2580 686 2643; x_wconf 88' lang='lat' dir='ltr'>habet</span> <span class='ocrx_word' id='word_1_189' title='bbox 708 2580 851 2644; x_wconf 89' lang='lat' dir='ltr'>Ecclesia</span> <span class='ocrx_word' id='word_1_190' title='bbox 870 2581 900 2646; x_wconf 87' lang='lat' dir='ltr'>S.</span> <span class='ocrx_word' id='word_1_191' title='bbox 923 2580 1082 2645; x_wconf 84' lang='lat' dir='ltr'>Johannis</span> <span class='ocrx_word' id='word_1_192' title='bbox 1105 2581 1145 2645; x_wconf 90' lang='lat' dir='ltr'>de</span> <span class='ocrx_word' id='word_1_193' title='bbox 1166 2581 1351 2658; x_wconf 89' lang='lat' dir='ltr'>Beverlacc,</span> <span class='ocrx_word' id='word_1_194' title='bbox 1369 2586 1394 2643; x_wconf 89' lang='lat' dir='ltr'>et</span> 
     </span>
     <span class='ocr_line' id='line_1_22' title="bbox 265 2678 1394 2763; baseline 0 -21"><span class='ocrx_word' id='word_1_195' title='bbox 265 2678 349 2742; x_wconf 92' lang='lat' dir='ltr'>Eccl.</span> <span class='ocrx_word' id='word_1_196' title='bbox 374 2679 404 2744; x_wconf 91' lang='lat' dir='ltr'>S.</span> <span class='ocrx_word' id='word_1_197' title='bbox 420 2680 566 2742; x_wconf 84' lang='lat' dir='ltr'>Wilfridi</span> <span class='ocrx_word' id='word_1_198' title='bbox 581 2679 621 2744; x_wconf 93' lang='lat' dir='ltr'>de</span> <span class='ocrx_word' id='word_1_199' title='bbox 644 2680 774 2762; x_wconf 89' lang='lat' dir='ltr'>Ripum‚</span> <span class='ocrx_word' id='word_1_200' title='bbox 789 2687 827 2743; x_wconf 90' lang='lat' dir='ltr'>ut</span> <span class='ocrx_word' id='word_1_201' title='bbox 848 2680 896 2744; x_wconf 91' lang='lat' dir='ltr'>ibi</span> <span class='ocrx_word' id='word_1_202' title='bbox 910 2679 1012 2763; x_wconf 89' lang='lat' dir='ltr'>aliqui</span> <span class='ocrx_word' id='word_1_203' title='bbox 1033 2680 1186 2744; x_wconf 90' lang='lat' dir='ltr'>monachi</span> <span class='ocrx_word' id='word_1_204' title='bbox 1206 2681 1246 2745; x_wconf 93' lang='lat' dir='ltr'>de</span> <span class='ocrx_word' id='word_1_205' title='bbox 1261 2678 1394 2763; x_wconf 77' lang='lat' dir='ltr'>Wy‘rteby</span> 
     </span>
     <span class='ocr_line' id='line_1_23' title="bbox 265 2777 1395 2864; baseline 0 -24"><span class='ocrx_word' id='word_1_206' title='bbox 265 2787 416 2842; x_wconf 90' lang='lat' dir='ltr'>maneant</span> <span class='ocrx_word' id='word_1_207' title='bbox 427 2779 555 2863; x_wconf 87' lang='lat' dir='ltr'>jugiter,</span> <span class='ocrx_word' id='word_1_208' title='bbox 571 2786 603 2841; x_wconf 92' lang='lat' dir='ltr'>et</span> <span class='ocrx_word' id='word_1_209' title='bbox 618 2778 787 2842; x_wconf 85' lang='lat' dir='ltr'>servitium</span> <span class='ocrx_word' id='word_1_210' title='bbox 802 2778 871 2842; x_wconf 50' lang='lat' dir='ltr'>Dei*</span> <span class='ocrx_word' id='word_1_211' title='bbox 880 2777 1027 2864; x_wconf 89' lang='lat' dir='ltr'>ibide(m)</span> <span class='ocrx_word' id='word_1_212' title='bbox 1043 2799 1101 2862; x_wconf 92' lang='lat' dir='ltr'>pro</span> <span class='ocrx_word' id='word_1_213' title='bbox 1118 2780 1262 2864; x_wconf 85' lang='lat' dir='ltr'>Regibus</span> <span class='ocrx_word' id='word_1_214' title='bbox 1277 2779 1395 2863; x_wconf 83' lang='lat' dir='ltr'>Anghae</span> 
     </span>
     <span class='ocr_line' id='line_1_24' title="bbox 267 2878 1395 2962; baseline -0.002 -18"><span class='ocrx_word' id='word_1_215' title='bbox 267 2887 300 2944; x_wconf 92' lang='lat' dir='ltr'>et</span> <span class='ocrx_word' id='word_1_216' title='bbox 325 2900 383 2962; x_wconf 90' lang='lat' dir='ltr'>pro</span> <span class='ocrx_word' id='word_1_217' title='bbox 406 2879 480 2943; x_wconf 89' lang='lat' dir='ltr'>haer.</span> <span class='ocrx_word' id='word_1_218' title='bbox 505 2899 614 2942; x_wconf 91' lang='lat' dir='ltr'>eorum</span> <span class='ocrx_word' id='word_1_219' title='bbox 637 2878 791 2942; x_wconf 88' lang='lat' dir='ltr'>continue</span> <span class='ocrx_word' id='word_1_220' title='bbox 813 2878 997 2944; x_wconf 75' lang='lat' dir='ltr'>celebrent.8</span> <span class='ocrx_word' id='word_1_221' title='bbox 1041 2879 1281 2944; x_wconf 82' lang='lat' dir='ltr'>Confirmamus</span> <span class='ocrx_word' id='word_1_222' title='bbox 1308 2880 1395 2944; x_wconf 86' lang='lat' dir='ltr'>etiam</span> 
     </span>
     <span class='ocr_line' id='line_1_25' title="bbox 267 2977 1394 3064; baseline 0 -21"><span class='ocrx_word' id='word_1_223' title='bbox 267 2980 389 3043; x_wconf 90' lang='lat' dir='ltr'>Mon&#39;io</span> <span class='ocrx_word' id='word_1_224' title='bbox 405 2979 444 3042; x_wconf 93' lang='lat' dir='ltr'>de</span> <span class='ocrx_word' id='word_1_225' title='bbox 459 2978 604 3060; x_wconf 85' lang='lat' dir='ltr'>Wyteby</span> <span class='ocrx_word' id='word_1_226' title='bbox 616 2978 783 3043; x_wconf 89' lang='lat' dir='ltr'>ecclesiam</span> <span class='ocrx_word' id='word_1_227' title='bbox 800 2980 830 3044; x_wconf 90' lang='lat' dir='ltr'>S.</span> <span class='ocrx_word' id='word_1_228' title='bbox 846 2979 966 3061; x_wconf 86' lang='lat' dir='ltr'>Hyldae</span> <span class='ocrx_word' id='word_1_229' title='bbox 975 2979 1015 3043; x_wconf 93' lang='lat' dir='ltr'>de</span> <span class='ocrx_word' id='word_1_230' title='bbox 1024 2977 1230 3058; x_wconf 88' lang='lat' dir='ltr'>Midlesbur,⁴</span> <span class='ocrx_word' id='word_1_231' title='bbox 1240 3000 1318 3045; x_wconf 92' lang='lat' dir='ltr'>oum</span> <span class='ocrx_word' id='word_1_232' title='bbox 1326 2987 1394 3064; x_wconf 87' lang='lat' dir='ltr'>pert</span> 
     </span>
     <span class='ocr_line' id='line_1_26' title="bbox 268 3077 1395 3163; baseline -0.002 -21"><span class='ocrx_word' id='word_1_233' title='bbox 268 3081 345 3155; x_wconf 86' lang='lat' dir='ltr'>suis,</span> <span class='ocrx_word' id='word_1_234' title='bbox 361 3100 432 3161; x_wconf 85' lang='lat' dir='ltr'>quae</span> <span class='ocrx_word' id='word_1_235' title='bbox 455 3085 504 3142; x_wconf 92' lang='lat' dir='ltr'>est</span> <span class='ocrx_word' id='word_1_236' title='bbox 524 3077 605 3141; x_wconf 88' lang='lat' dir='ltr'>cella</span> <span class='ocrx_word' id='word_1_237' title='bbox 625 3077 856 3141; x_wconf 88' lang='lat' dir='ltr'>monachorum</span> <span class='ocrx_word' id='word_1_238' title='bbox 877 3078 1192 3162; x_wconf 87' lang='lat' dir='ltr'>praenominatorum,</span> <span class='ocrx_word' id='word_1_239' title='bbox 1208 3079 1264 3145; x_wconf 93' lang='lat' dir='ltr'>lib.</span> <span class='ocrx_word' id='word_1_240' title='bbox 1282 3087 1315 3143; x_wconf 91' lang='lat' dir='ltr'>et</span> <span class='ocrx_word' id='word_1_241' title='bbox 1334 3079 1395 3163; x_wconf 90' lang='lat' dir='ltr'>qui-</span> 
     </span>
    </p>
   </div>
   <div class='ocr_carea' id='block_1_4' title="bbox 266 3176 1398 3361">
    <p class='ocr_par' dir='ltr' id='par_1_4' title="bbox 266 3176 1398 3361">
     <span class='ocr_line' id='line_1_27' title="bbox 266 3176 1397 3261; baseline -0.002 -19"><span class='ocrx_word' id='word_1_242' title='bbox 266 3188 352 3243; x_wconf 88' lang='lat' dir='ltr'>etam</span> <span class='ocrx_word' id='word_1_243' title='bbox 364 3178 403 3241; x_wconf 90' lang='lat' dir='ltr'>ab</span> <span class='ocrx_word' id='word_1_244' title='bbox 416 3177 504 3241; x_wconf 88' lang='lat' dir='ltr'>omni</span> <span class='ocrx_word' id='word_1_245' title='bbox 516 3176 693 3261; x_wconf 90' lang='lat' dir='ltr'>episcopali</span> <span class='ocrx_word' id='word_1_246' title='bbox 704 3177 945 3244; x_wconf 87' lang='lat' dir='ltr'>consuetudine.</span> <span class='ocrx_word' id='word_1_247' title='bbox 989 3177 1167 3242; x_wconf 89' lang='lat' dir='ltr'>Ecclesiam</span> <span class='ocrx_word' id='word_1_248' title='bbox 1180 3177 1258 3243; x_wconf 85' lang='lat' dir='ltr'>¹vero</span> <span class='ocrx_word' id='word_1_249' title='bbox 1274 3180 1305 3244; x_wconf 89' lang='lat' dir='ltr'>S.</span> <span class='ocrx_word' id='word_1_250' title='bbox 1318 3178 1397 3244; x_wconf 90' lang='lat' dir='ltr'>Petri</span> 
     </span>
     <span class='ocr_line' id='line_1_28' title="bbox 267 3276 1398 3361; baseline -0.001 -20"><span class='ocrx_word' id='word_1_251' title='bbox 267 3279 307 3342; x_wconf 91' lang='lat' dir='ltr'>de</span> <span class='ocrx_word' id='word_1_252' title='bbox 331 3278 492 3354; x_wconf 83' lang='lat' dir='ltr'>Halrenea,</span> <span class='ocrx_word' id='word_1_253' title='bbox 508 3298 580 3361; x_wconf 87' lang='lat' dir='ltr'>quae</span> <span class='ocrx_word' id='word_1_254' title='bbox 606 3284 655 3342; x_wconf 88' lang='lat' dir='ltr'>est</span> <span class='ocrx_word' id='word_1_255' title='bbox 681 3276 832 3342; x_wconf 90' lang='lat' dir='ltr'>similiter</span> <span class='ocrx_word' id='word_1_256' title='bbox 853 3277 935 3342; x_wconf 90' lang='lat' dir='ltr'>cella</span> <span class='ocrx_word' id='word_1_257' title='bbox 954 3278 1184 3343; x_wconf 89' lang='lat' dir='ltr'>monachorum</span> <span class='ocrx_word' id='word_1_258' title='bbox 1207 3279 1247 3343; x_wconf 92' lang='lat' dir='ltr'>de</span> <span class='ocrx_word' id='word_1_259' title='bbox 1262 3279 1398 3361; x_wconf 76' lang='lat' dir='ltr'>Wytebi</span> 
     </span>
    </p>
   </div>
   <div class='ocr_carea' id='block_1_5' title="bbox 266 3490 1405 4567">
    <p class='ocr_par' dir='ltr' id='par_1_5' title="bbox 266 3490 1404 4481">
     <span class='ocr_line' id='line_1_29' title="bbox 267 3490 1399 3561; baseline 0.003 -21"><span class='ocrx_word' id='word_1_260' title='bbox 267 3491 319 3540; x_wconf 91' lang='lat' dir='ltr'>less</span> <span class='ocrx_word' id='word_1_261' title='bbox 337 3490 441 3554; x_wconf 81' lang='lat' dir='ltr'>variety</span> <span class='ocrx_word' id='word_1_262' title='bbox 463 3490 491 3541; x_wconf 82' lang='lat' dir='ltr'>oi</span> <span class='ocrx_word' id='word_1_263' title='bbox 509 3491 720 3557; x_wconf 84' lang='lat' dir='ltr'>forms-nearly</span> <span class='ocrx_word' id='word_1_264' title='bbox 738 3508 768 3541; x_wconf 88' lang='lat' dir='ltr'>or</span> <span class='ocrx_word' id='word_1_265' title='bbox 786 3491 861 3558; x_wconf 92' lang='lat' dir='ltr'>quite</span> <span class='ocrx_word' id='word_1_266' title='bbox 879 3495 984 3557; x_wconf 87' lang='lat' dir='ltr'>twenty</span> <span class='ocrx_word' id='word_1_267' title='bbox 997 3491 1097 3561; x_wconf 83' lang='lat' dir='ltr'>having</span> <span class='ocrx_word' id='word_1_268' title='bbox 1113 3492 1182 3544; x_wconf 88' lang='lat' dir='ltr'>been</span> <span class='ocrx_word' id='word_1_269' title='bbox 1200 3493 1284 3545; x_wconf 78' lang='lat' dir='ltr'>noted</span> <span class='ocrx_word' id='word_1_270' title='bbox 1302 3494 1339 3560; x_wconf 87' lang='lat' dir='ltr'>by</span> <span class='ocrx_word' id='word_1_271' title='bbox 1357 3493 1399 3545; x_wconf 86' lang='lat' dir='ltr'>the</span> 
     </span>
     <span class='ocr_line' id='line_1_30' title="bbox 266 3572 1399 3644; baseline 0.004 -21"><span class='ocrx_word' id='word_1_272' title='bbox 266 3574 440 3624; x_wconf 88' lang='lat' dir='ltr'>editor—and</span> <span class='ocrx_word' id='word_1_273' title='bbox 452 3591 562 3640; x_wconf 84' lang='lat' dir='ltr'>appears</span> <span class='ocrx_word' id='word_1_274' title='bbox 575 3572 684 3626; x_wconf 74' lang='lat' dir='ltr'>tolhave</span> <span class='ocrx_word' id='word_1_275' title='bbox 696 3575 764 3626; x_wconf 89' lang='lat' dir='ltr'>been</span> <span class='ocrx_word' id='word_1_276' title='bbox 776 3576 823 3627; x_wconf 90' lang='lat' dir='ltr'>the</span> <span class='ocrx_word' id='word_1_277' title='bbox 836 3575 900 3641; x_wconf 85' lang='lat' dir='ltr'>only</span> <span class='ocrx_word' id='word_1_278' title='bbox 912 3592 988 3627; x_wconf 85' lang='lat' dir='ltr'>name</span> <span class='ocrx_word' id='word_1_279' title='bbox 1004 3577 1052 3627; x_wconf 85' lang='lat' dir='ltr'>the</span> <span class='ocrx_word' id='word_1_280' title='bbox 1068 3577 1118 3627; x_wconf 90' lang='lat' dir='ltr'>hill</span> <span class='ocrx_word' id='word_1_281' title='bbox 1130 3594 1186 3628; x_wconf 86' lang='lat' dir='ltr'>was</span> <span class='ocrx_word' id='word_1_282' title='bbox 1204 3577 1304 3628; x_wconf 82' lang='lat' dir='ltr'>known</span> <span class='ocrx_word' id='word_1_283' title='bbox 1321 3578 1356 3644; x_wconf 88' lang='lat' dir='ltr'>by</span> <span class='ocrx_word' id='word_1_284' title='bbox 1368 3593 1399 3643; x_wconf 94' lang='lat' dir='ltr'>up</span> 
     </span>
     <span class='ocr_line' id='line_1_31' title="bbox 266 3657 1398 3729; baseline 0.003 -20"><span class='ocrx_word' id='word_1_285' title='bbox 266 3661 295 3709; x_wconf 88' lang='lat' dir='ltr'>to</span> <span class='ocrx_word' id='word_1_286' title='bbox 308 3657 390 3708; x_wconf 86' lang='lat' dir='ltr'>about</span> <span class='ocrx_word' id='word_1_287' title='bbox 402 3658 449 3708; x_wconf 89' lang='lat' dir='ltr'>the</span> <span class='ocrx_word' id='word_1_288' title='bbox 461 3657 607 3725; x_wconf 88' lang='lat' dir='ltr'>beginning</span> <span class='ocrx_word' id='word_1_289' title='bbox 619 3659 647 3708; x_wconf 83' lang='lat' dir='ltr'>ol</span> <span class='ocrx_word' id='word_1_290' title='bbox 658 3659 706 3709; x_wconf 91' lang='lat' dir='ltr'>the</span> <span class='ocrx_word' id='word_1_291' title='bbox 718 3659 891 3710; x_wconf 85' lang='lat' dir='ltr'>seventeenth</span> <span class='ocrx_word' id='word_1_292' title='bbox 909 3664 1028 3724; x_wconf 87' lang='lat' dir='ltr'>century.</span> <span class='ocrx_word' id='word_1_293' title='bbox 1066 3659 1224 3729; x_wconf 86' lang='lat' dir='ltr'>Odensberg</span> <span class='ocrx_word' id='word_1_294' title='bbox 1235 3678 1266 3715; x_wconf 89' lang='lat' dir='ltr'>or</span> <span class='ocrx_word' id='word_1_295' title='bbox 1278 3663 1398 3714; x_wconf 81' lang='lat' dir='ltr'>Othones·</span> 
     </span>
     <span class='ocr_line' id='line_1_32' title="bbox 267 3741 1399 3809; baseline 0.002 -17"><span class='ocrx_word' id='word_1_296' title='bbox 267 3741 331 3808; x_wconf 87' lang='lat' dir='ltr'>berg</span> <span class='ocrx_word' id='word_1_297' title='bbox 342 3742 365 3792; x_wconf 90' lang='lat' dir='ltr'>is</span> <span class='ocrx_word' id='word_1_298' title='bbox 377 3741 492 3792; x_wconf 89' lang='lat' dir='ltr'>without</span> <span class='ocrx_word' id='word_1_299' title='bbox 504 3741 592 3792; x_wconf 88' lang='lat' dir='ltr'>doubt</span> <span class='ocrx_word' id='word_1_300' title='bbox 604 3742 651 3793; x_wconf 88' lang='lat' dir='ltr'>the</span> <span class='ocrx_word' id='word_1_301' title='bbox 669 3747 730 3793; x_wconf 89' lang='lat' dir='ltr'>true</span> <span class='ocrx_word' id='word_1_302' title='bbox 743 3743 820 3803; x_wconf 84' lang='lat' dir='ltr'>form,</span> <span class='ocrx_word' id='word_1_303' title='bbox 836 3742 889 3793; x_wconf 88' lang='lat' dir='ltr'>and</span> <span class='ocrx_word' id='word_1_304' title='bbox 902 3743 930 3793; x_wconf 81' lang='lat' dir='ltr'>of</span> <span class='ocrx_word' id='word_1_305' title='bbox 947 3759 1039 3793; x_wconf 85' lang='lat' dir='ltr'>corrrsc</span> <span class='ocrx_word' id='word_1_306' title='bbox 1051 3741 1181 3809; x_wconf 85' lang='lat' dir='ltr'>bespeaks</span> <span class='ocrx_word' id='word_1_307' title='bbox 1194 3761 1229 3796; x_wconf 89' lang='lat' dir='ltr'>an</span> <span class='ocrx_word' id='word_1_308' title='bbox 1247 3746 1293 3797; x_wconf 85' lang='lat' dir='ltr'>old</span> <span class='ocrx_word' id='word_1_309' title='bbox 1306 3744 1399 3797; x_wconf 84' lang='lat' dir='ltr'>Danish</span> 
     </span>
     <span class='ocr_line' id='line_1_33' title="bbox 266 3824 1399 3895; baseline 0.001 -18"><span class='ocrx_word' id='word_1_310' title='bbox 266 3825 359 3892; x_wconf 83' lang='lat' dir='ltr'>origin.</span> <span class='ocrx_word' id='word_1_311' title='bbox 398 3824 528 3875; x_wconf 88' lang='lat' dir='ltr'>Whether</span> <span class='ocrx_word' id='word_1_312' title='bbox 546 3825 688 3893; x_wconf 87' lang='lat' dir='ltr'>Odenberg</span> <span class='ocrx_word' id='word_1_313' title='bbox 706 3843 736 3876; x_wconf 89' lang='lat' dir='ltr'>or</span> <span class='ocrx_word' id='word_1_314' title='bbox 749 3825 903 3892; x_wconf 83' lang='lat' dir='ltr'>Odensberg</span> <span class='ocrx_word' id='word_1_315' title='bbox 920 3825 1041 3891; x_wconf 78' lang='lat' dir='ltr'>replaced</span> <span class='ocrx_word' id='word_1_316' title='bbox 1055 3842 1091 3876; x_wconf 84' lang='lat' dir='ltr'>an</span> <span class='ocrx_word' id='word_1_317' title='bbox 1108 3827 1184 3878; x_wconf 85' lang='lat' dir='ltr'>older</span> <span class='ocrx_word' id='word_1_318' title='bbox 1195 3828 1314 3895; x_wconf 78' lang='lat' dir='ltr'>Anglian</span> <span class='ocrx_word' id='word_1_319' title='bbox 1330 3845 1399 3880; x_wconf 85' lang='lat' dir='ltr'>name</span> 
     </span>
     <span class='ocr_line' id='line_1_34' title="bbox 267 3908 1398 3979; baseline 0.003 -18"><span class='ocrx_word' id='word_1_320' title='bbox 267 3914 364 3961; x_wconf 91' lang='lat' dir='ltr'>cannot</span> <span class='ocrx_word' id='word_1_321' title='bbox 376 3926 436 3960; x_wconf 90' lang='lat' dir='ltr'>now</span> <span class='ocrx_word' id='word_1_322' title='bbox 448 3908 483 3960; x_wconf 90' lang='lat' dir='ltr'>be</span> <span class='ocrx_word' id='word_1_323' title='bbox 496 3909 605 3970; x_wconf 86' lang='lat' dir='ltr'>lrnown,</span> <span class='ocrx_word' id='word_1_324' title='bbox 618 3909 668 3960; x_wconf 91' lang='lat' dir='ltr'>but</span> <span class='ocrx_word' id='word_1_325' title='bbox 681 3909 704 3960; x_wconf 89' lang='lat' dir='ltr'>it</span> <span class='ocrx_word' id='word_1_326' title='bbox 716 3910 739 3960; x_wconf 85' lang='lat' dir='ltr'>is</span> <span class='ocrx_word' id='word_1_327' title='bbox 752 3909 858 3975; x_wconf 90' lang='lat' dir='ltr'>worthy</span> <span class='ocrx_word' id='word_1_328' title='bbox 871 3910 900 3959; x_wconf 83' lang='lat' dir='ltr'>of</span> <span class='ocrx_word' id='word_1_329' title='bbox 908 3913 972 3960; x_wconf 89' lang='lat' dir='ltr'>note</span> <span class='ocrx_word' id='word_1_330' title='bbox 980 3909 1042 3960; x_wconf 88' lang='lat' dir='ltr'>that</span> <span class='ocrx_word' id='word_1_331' title='bbox 1050 3909 1189 3976; x_wconf 87' lang='lat' dir='ltr'>apossible</span> <span class='ocrx_word' id='word_1_332' title='bbox 1200 3913 1320 3979; x_wconf 83' lang='lat' dir='ltr'>Anglian</span> <span class='ocrx_word' id='word_1_333' title='bbox 1328 3914 1398 3974; x_wconf 83' lang='lat' dir='ltr'>form,</span> 
     </span>
     <span class='ocr_line' id='line_1_35' title="bbox 268 3991 1400 4062; baseline 0.005 -19"><span class='ocrx_word' id='word_1_334' title='bbox 268 3991 452 4044; x_wconf 89' lang='lat' dir='ltr'>Hreosabeorh</span> <span class='ocrx_word' id='word_1_335' title='bbox 465 4009 494 4042; x_wconf 90' lang='lat' dir='ltr'>or</span> <span class='ocrx_word' id='word_1_336' title='bbox 514 3991 706 4053; x_wconf 86' lang='lat' dir='ltr'>Hreosebeorb,</span> <span class='ocrx_word' id='word_1_337' title='bbox 720 3991 808 4042; x_wconf 90' lang='lat' dir='ltr'>which</span> <span class='ocrx_word' id='word_1_338' title='bbox 826 3991 892 4043; x_wconf 88' lang='lat' dir='ltr'>isat</span> <span class='ocrx_word' id='word_1_339' title='bbox 909 3991 978 4042; x_wconf 83' lang='lat' dir='ltr'>least</span> <span class='ocrx_word' id='word_1_340' title='bbox 996 4008 1012 4043; x_wconf 83' lang='lat' dir='ltr'>a</span> <span class='ocrx_word' id='word_1_341' title='bbox 1029 3993 1146 4058; x_wconf 85' lang='lat' dir='ltr'>possible</span> <span class='ocrx_word' id='word_1_342' title='bbox 1163 3993 1250 4062; x_wconf 79' lang='lat' dir='ltr'>origin</span> <span class='ocrx_word' id='word_1_343' title='bbox 1267 3994 1311 4048; x_wconf 82' lang='lat' dir='ltr'>for</span> <span class='ocrx_word' id='word_1_344' title='bbox 1326 3997 1400 4048; x_wconf 68' lang='grc' dir='ltr'><strong>Βοκ-</strong></span> 
     </span>
     <span class='ocr_line' id='line_1_36' title="bbox 267 4075 1401 4146; baseline 0.001 -18"><span class='ocrx_word' id='word_1_345' title='bbox 267 4077 353 4142; x_wconf 89' lang='lat' dir='ltr'>berry‚</span> <span class='ocrx_word' id='word_1_346' title='bbox 368 4075 457 4126; x_wconf 90' lang='lat' dir='ltr'>would</span> <span class='ocrx_word' id='word_1_347' title='bbox 469 4075 502 4124; x_wconf 90' lang='lat' dir='ltr'>be</span> <span class='ocrx_word' id='word_1_348' title='bbox 521 4075 627 4139; x_wconf 88' lang='lat' dir='ltr'>cxaotly</span> <span class='ocrx_word' id='word_1_349' title='bbox 639 4090 819 4140; x_wconf 87' lang='lat' dir='ltr'>synonymous</span> <span class='ocrx_word' id='word_1_350' title='bbox 831 4075 898 4125; x_wconf 91' lang='lat' dir='ltr'>with</span> <span class='ocrx_word' id='word_1_351' title='bbox 916 4075 1084 4143; x_wconf 82' lang='lat' dir='ltr'>Othensberg</span> <span class='ocrx_word' id='word_1_352' title='bbox 1095 4092 1125 4127; x_wconf 89' lang='lat' dir='ltr'>or</span> <span class='ocrx_word' id='word_1_353' title='bbox 1143 4075 1306 4146; x_wconf 80' lang='lat' dir='ltr'>Odansbcrg‚</span> <span class='ocrx_word' id='word_1_354' title='bbox 1320 4079 1401 4131; x_wconf 86' lang='lat' dir='ltr'>either</span> 
     </span>
     <span class='ocr_line' id='line_1_37' title="bbox 268 4158 1402 4229; baseline 0.003 -18"><span class='ocrx_word' id='word_1_355' title='bbox 268 4161 342 4211; x_wconf 90' lang='lat' dir='ltr'>word</span> <span class='ocrx_word' id='word_1_356' title='bbox 354 4160 477 4225; x_wconf 85' lang='lat' dir='ltr'>meaning</span> <span class='ocrx_word' id='word_1_357' title='bbox 490 4159 559 4209; x_wconf 89' lang='lat' dir='ltr'>“the</span> <span class='ocrx_word' id='word_1_358' title='bbox 573 4160 637 4223; x_wconf 71' lang='lat' dir='ltr'>torp,</span> <span class='ocrx_word' id='word_1_359' title='bbox 649 4175 679 4209; x_wconf 91' lang='lat' dir='ltr'>or</span> <span class='ocrx_word' id='word_1_360' title='bbox 691 4159 854 4225; x_wconf 90' lang='lat' dir='ltr'>precipitous</span> <span class='ocrx_word' id='word_1_361' title='bbox 865 4158 921 4220; x_wconf 93' lang='lat' dir='ltr'>hill,</span> <span class='ocrx_word' id='word_1_362' title='bbox 931 4158 959 4210; x_wconf 85' lang='lat' dir='ltr'>of</span> <span class='ocrx_word' id='word_1_363' title='bbox 970 4159 1017 4211; x_wconf 86' lang='lat' dir='ltr'>the</span> <span class='ocrx_word' id='word_1_364' title='bbox 1029 4159 1142 4227; x_wconf 84' lang='lat' dir='ltr'>rushing</span> <span class='ocrx_word' id='word_1_365' title='bbox 1153 4160 1230 4212; x_wconf 79' lang='lat' dir='ltr'>ona&#39;&#39;</span> <span class='ocrx_word' id='word_1_366' title='bbox 1266 4161 1295 4214; x_wconf 86' lang='lat' dir='ltr'>It</span> <span class='ocrx_word' id='word_1_367' title='bbox 1307 4162 1330 4214; x_wconf 83' lang='lat' dir='ltr'>is</span> <span class='ocrx_word' id='word_1_368' title='bbox 1341 4179 1402 4229; x_wconf 80' lang='lat' dir='ltr'>very</span> 
     </span>
     <span class='ocr_line' id='line_1_38' title="bbox 267 4242 1402 4313; baseline 0.004 -19"><span class='ocrx_word' id='word_1_369' title='bbox 267 4244 380 4294; x_wconf 81' lang='lat' dir='ltr'>difficolt</span> <span class='ocrx_word' id='word_1_370' title='bbox 401 4248 430 4293; x_wconf 91' lang='lat' dir='ltr'>to</span> <span class='ocrx_word' id='word_1_371' title='bbox 451 4247 563 4293; x_wconf 87' lang='lat' dir='ltr'>account</span> <span class='ocrx_word' id='word_1_372' title='bbox 582 4243 623 4293; x_wconf 84' lang='lat' dir='ltr'>for</span> <span class='ocrx_word' id='word_1_373' title='bbox 641 4242 688 4293; x_wconf 91' lang='lat' dir='ltr'>the</span> <span class='ocrx_word' id='word_1_374' title='bbox 707 4242 807 4309; x_wconf 83' lang='lat' dir='ltr'>change</span> <span class='ocrx_word' id='word_1_375' title='bbox 824 4242 894 4292; x_wconf 78' lang='lat' dir='ltr'>from</span> <span class='ocrx_word' id='word_1_376' title='bbox 912 4242 1100 4311; x_wconf 85' lang='lat' dir='ltr'>Othonesberg,</span> <span class='ocrx_word' id='word_1_377' title='bbox 1118 4243 1284 4313; x_wconf 79' lang='lat' dir='ltr'>Oonsbergb,</span> <span class='ocrx_word' id='word_1_378' title='bbox 1300 4251 1359 4311; x_wconf 80' lang='lat' dir='ltr'>eta,</span> <span class='ocrx_word' id='word_1_379' title='bbox 1376 4251 1402 4298; x_wconf 85' lang='lat' dir='ltr'>to</span> 
     </span>
     <span class='ocr_line' id='line_1_39' title="bbox 268 4325 1404 4393; baseline 0.004 -14"><span class='ocrx_word' id='word_1_380' title='bbox 268 4327 416 4391; x_wconf 88' lang='lat' dir='ltr'>Roseberry</span> <span class='ocrx_word' id='word_1_381' title='bbox 429 4343 463 4376; x_wconf 94' lang='lat' dir='ltr'>on</span> <span class='ocrx_word' id='word_1_382' title='bbox 482 4343 535 4391; x_wconf 90' lang='lat' dir='ltr'>any</span> <span class='ocrx_word' id='word_1_383' title='bbox 547 4325 720 4392; x_wconf 88' lang='lat' dir='ltr'>supposition.</span> <span class='ocrx_word' id='word_1_384' title='bbox 757 4325 814 4376; x_wconf 90' lang='lat' dir='ltr'>Not</span> <span class='ocrx_word' id='word_1_385' title='bbox 831 4326 878 4377; x_wconf 90' lang='lat' dir='ltr'>the</span> <span class='ocrx_word' id='word_1_386' title='bbox 899 4326 966 4377; x_wconf 86' lang='lat' dir='ltr'>least</span> <span class='ocrx_word' id='word_1_387' title='bbox 978 4326 1104 4393; x_wconf 83' lang='lat' dir='ltr'>probable</span> <span class='ocrx_word' id='word_1_388' title='bbox 1121 4342 1186 4393; x_wconf 85' lang='lat' dir='ltr'>may</span> <span class='ocrx_word' id='word_1_389' title='bbox 1197 4327 1233 4380; x_wconf 83' lang='lat' dir='ltr'>bs</span> <span class='ocrx_word' id='word_1_390' title='bbox 1251 4329 1316 4383; x_wconf 85' lang='lat' dir='ltr'>that</span> <span class='ocrx_word' id='word_1_391' title='bbox 1333 4331 1404 4383; x_wconf 83' lang='lat' dir='ltr'>there</span> 
     </span>
     <span class='ocr_line' id='line_1_40' title="bbox 267 4409 1404 4481; baseline 0.007 -22"><span class='ocrx_word' id='word_1_392' title='bbox 267 4410 290 4461; x_wconf 88' lang='lat' dir='ltr'>is</span> <span class='ocrx_word' id='word_1_393' title='bbox 302 4410 331 4460; x_wconf 93' lang='lat' dir='ltr'>in</span> <span class='ocrx_word' id='word_1_394' title='bbox 343 4410 389 4460; x_wconf 90' lang='lat' dir='ltr'>the</span> <span class='ocrx_word' id='word_1_395' title='bbox 401 4409 484 4460; x_wconf 86' lang='lat' dir='ltr'>latter</span> <span class='ocrx_word' id='word_1_396' title='bbox 496 4409 542 4460; x_wconf 87' lang='lat' dir='ltr'>the</span> <span class='ocrx_word' id='word_1_397' title='bbox 555 4409 695 4475; x_wconf 90' lang='lat' dir='ltr'>popularly</span> <span class='ocrx_word' id='word_1_398' title='bbox 703 4409 846 4474; x_wconf 87' lang='lat' dir='ltr'>preserved</span> <span class='ocrx_word' id='word_1_399' title='bbox 857 4409 1028 4461; x_wconf 86' lang='lat' dir='ltr'>recollection</span> <span class='ocrx_word' id='word_1_400' title='bbox 1039 4409 1068 4461; x_wconf 85' lang='lat' dir='ltr'>of</span> <span class='ocrx_word' id='word_1_401' title='bbox 1078 4409 1126 4461; x_wconf 86' lang='lat' dir='ltr'>the</span> <span class='ocrx_word' id='word_1_402' title='bbox 1137 4409 1184 4462; x_wconf 89' lang='lat' dir='ltr'>old</span> <span class='ocrx_word' id='word_1_403' title='bbox 1192 4411 1313 4481; x_wconf 78' lang='lat' dir='ltr'>Anglian</span> <span class='ocrx_word' id='word_1_404' title='bbox 1323 4431 1404 4467; x_wconf 81' lang='lat' dir='ltr'>name.</span> 
     </span>
    </p>

    <p class='ocr_par' dir='ltr' id='par_1_6' title="bbox 302 4489 1405 4567">
     <span class='ocr_line' id='line_1_41' title="bbox 302 4489 1405 4567; baseline 0.01 -26"><span class='ocrx_word' id='word_1_405' title='bbox 302 4491 312 4525; x_wconf 90' lang='lat'>1</span> <span class='ocrx_word' id='word_1_406' title='bbox 332 4493 368 4542; x_wconf 91' lang='lat' dir='ltr'>M.</span> <span class='ocrx_word' id='word_1_407' title='bbox 382 4492 511 4559; x_wconf 84' lang='lat' dir='ltr'>Engelby.</span> <span class='ocrx_word' id='word_1_408' title='bbox 567 4489 578 4523; x_wconf 78' lang='lat'><strong>²</strong></span> <span class='ocrx_word' id='word_1_409' title='bbox 595 4493 633 4544; x_wconf 89' lang='lat' dir='ltr'>M.</span> <span class='ocrx_word' id='word_1_410' title='bbox 647 4493 822 4559; x_wconf 84' lang='lat' dir='ltr'>Fiskeregate.</span> <span class='ocrx_word' id='word_1_411' title='bbox 878 4490 889 4526; x_wconf 84' lang='lat'>³</span> <span class='ocrx_word' id='word_1_412' title='bbox 906 4501 929 4544; x_wconf 82' lang='lat' dir='ltr'>et</span> <span class='ocrx_word' id='word_1_413' title='bbox 941 4493 1071 4546; x_wconf 75' lang='lat' dir='ltr'>celebrant.</span> <span class='ocrx_word' id='word_1_414' title='bbox 1134 4490 1147 4527; x_wconf 75' lang='lat'>⁴</span> <span class='ocrx_word' id='word_1_415' title='bbox 1165 4494 1204 4546; x_wconf 82' lang='grc' dir='ltr'>Μ.</span> <span class='ocrx_word' id='word_1_416' title='bbox 1217 4496 1405 4567; x_wconf 78' lang='lat' dir='ltr'>Midelcsbnrg.</span> 
     </span>
    </p>
   </div>
   <div class='ocr_carea' id='block_1_6' title="bbox 0 0 1448 5002">
    <p class='ocr_par' dir='ltr' id='par_1_7' title="bbox 0 0 1448 5002">
     <span class='ocr_line' id='line_1_42' title="bbox 0 0 1448 5002; baseline 0 0"><span class='ocrx_word' id='word_1_417' title='bbox 0 0 1448 5002; x_wconf 95' lang='lat' dir='ltr'> </span> 
     </span>
    </p>
   </div>
  </div>
 </body>
</html>
