2866 5002
355 548 626 601 OARTULARIUM
644 549 849 601 ABBATHIAE
866 551 916 602 DE
933 551 1120 604 WHITEBY.
1246 542 1306 605 277

164 713 401 796 praetendentes
412 712 508 776 villas
517 713 557 776 de
570 712 710 777 Overton
720 713 799 778 alias
811 714 956 800 Overyge
967 717 1041 800 [ata
1050 739 1086 781 os
1096 721 1134 782 to
1142 719 1200 784 No,
1212 719 1307 805 314]1

163 818 234 876 tarn
243 818 353 876 contra
364 832 422 875 nos
434 817 467 876 et
478 832 674 877 successores
686 817 812 876 nostros
824 819 857 878 et
866 815 1026 879 Mon'ium
1037 823 1192 895 nostrum,
1207 839 1305 901 quam

115 898 123 915 ⁹
163 931 223 994 pro
245 912 338 975 nobis
361 915 393 974 et
416 931 498 975 succ.
520 911 638 975 nostris
661 916 694 975 et
716 912 804 977 Mon
820 918 938 991 nostro,
953 920 986 979 et
1008 917 1151 998 personis
1173 918 1306 1000 quibus·

162 1030 293 1093 cunque
322 1011 415 1074 nobis
445 1010 680 1074 adhaerentibus
694 1010 813 1075 :-Nos
843 1012 952 1076 Abbas
983 1020 1016 1077 et
1046 1015 1233 1080 Conventus
1263 1016 1304 1081 de

161 1108 321 1191 Whiteby
335 1130 392 1193 per
409 1110 592 1191 juramenta
607 1130 626 1172 a
640 1109 872 1175 nobis-videl.
888 1112 1015 1175 Abbate
1037 1115 1254 1195 personaliter,
1271 1121 1305 1179 et

159 1227 182 1270 a
212 1208 314 1284 nobis,
340 1208 517 1283 Conventu,
543 1228 600 1291 per
629 1207 808 1271 Henricum
834 1208 873 1272 de
903 1209 1102 1293 Rillyngton,
1132 1212 1303 1290 Clericum,

158 1312 399 1388 procuratorem
413 1313 558 1370 nostrum
584 1307 772 1370 mandatum
787 1307 902 1370 adhoc
918 1308 1092 1372 habentem
1106 1312 1251 1393 speciale,
1266 1313 1303 1375 in

159 1405 288 1469 animas
317 1414 451 1479 nostras,
483 1406 637 1490 inspectis
667 1412 700 1469 et
728 1407 824 1469 tactis
862 1409 1071 1472 sacrosanctis
1107 1410 1301 1495 Evangeliis‚

156 1505 315 1586 praestita,
324 1505 541 1588 promittimus
552 1526 610 1588 pro
621 1505 713 1568 nobis
726 1512 759 1568 et
770 1506 1004 1571 successoribus
1016 1508 1133 1571 nostris
1143 1510 1301 1574 universis

156 1603 300 1668 fideliter
314 1606 488 1680 observare,
503 1605 585 1668 etin
600 1605 748 1668 omnibus
771 1605 952 1688 adimplere.
998 1607 1040 1669 In
1061 1608 1153 1690 cujus
1168 1609 1214 1671 rei
1228 1612 1300 1673 test.

158 1703 219 1786 sig.
236 1710 380 1767 nostrum
406 1724 574 1767 commune
599 1704 812 1786 praesentibus
828 1711 878 1768 est
892 1725 1078 1788 appensum.
1122 1706 1246 1770 Datum
1264 1709 1301 1772 in

158 1803 313 1885 Capitulo
337 1808 445 1867 nostro
467 1803 553 1886 apud
575 1802 740 1884 Whiteby‚
763 1802 815 1866 die
840 1803 934 1868 Jovis
955 1806 1101 1887 proximo
1127 1811 1201 1889 post
1224 1807 1244 1871 f.
1268 1807 1299 1872 S.

156 1901 292 1966 Thomae
307 1902 459 1978 Martiris,
469 1901 564 1965 videl.
577 1901 701 1966 decimo
716 1902 768 1966 die
782 1902 902 1966 mensis
918 1903 941 1967 ,J
942 1902 1010 1980 ulii,
1021 1904 1060 1968 A
1074 1904 1111 1968 G.
1127 1905 1299 1971 millesimo

156 2010 253 2065 (ιοο1110
268 2001 399 2065 decimo.

205 2100 290 2163 Item
311 2121 368 2184 per
389 2120 518 2183 presens
534 2100 689 2182 scriptum
711 2106 821 2183 pateat
835 2100 994 2165 universis
1014 2103 1102 2184 quod
1117 2123 1191 2167 cunr
1212 2104 1300 2167 inter

157 2198 338 2282 Religiosos
353 2200 447 2276 viros,
462 2200 623 2263 Abbatem
640 2206 672 2262 ct
687 2201 786 2263 Oonv.
803 2200 917 2263 Mon’ii
933 2201 972 2265 de
987 2202 1152 2286 Whiteby‚
1168 2202 1298 2267 Ordinis

158 2299 190 2364 S.
225 2298 400 2375 Benedicti,
429 2299 564 2362 Eboraci
601 2299 770 2375 dioceseos,
807 2299 974 2363 ecclesiam
1010 2302 1226 2384 parochialem
1258 2302 1298 2367 de

155 2398 299 2480 Crossby
310 2398 568 2473 Ravenswartbe,
584 2397 718 2462 Karliol.
731 2398 900 2475 dioceseos,
912 2400 948 2462 in
963 2401 1106 2484 proprios
1121 2423 1199 2466 usus
1214 2403 1298 2486 opti-

153 2504 281 2574 nentes,
297 2504 329 2561 et
348 2498 581 2580 praetendentes
596 2496 690 2560 villas
706 2497 745 2560 de
761 2498 818 2581 (10
821 2498 867 2582 5¹³)
885 2498 1027 2564 Overton
1045 2501 1124 2565 alias
1143 2502 1297 2586 Overyge‚

155 2597 303 2680 Bogefell
330 2598 402 2679 [eta
422 2597 572 2679 prccisclp
596 2617 632 2658 os
657 2597 694 2658 io
719 2597 776 2661 Ne.
805 2599 891 2680 314].
936 2599 1060 2662 Datum
1085 2601 1121 2663 in
1146 2601 1297 2683 Capitulo

157 2696 264 2781 (106b)
289 2703 396 2759 nostro
419 2695 505 2778 apud
529 2695 802 2778 Coniugesheved,
818 2696 870 2759 die
891 2696 984 2760 Jovis
1006 2699 1153 2780 proximo
1176 2704 1250 2782 post
1274 2699 1296 2764 f.

154 2795 386 2859 Translationis
417 2794 446 2857 S.
474 2794 603 2856 Thomas
633 2793 916 2857 Mentiris-videl.
944 2794 1068 2858 decimo
1095 2795 1147 2858 die
1176 2797 1296 2861 mensis

154 2896 179 2958 J
180 2894 250 2970 ulii,
265 2895 302 2958 A.
319 2895 356 2958 G.
373 2893 543 2957 millesimo
566 2901 656 2956 cccm⁰
672 2892 803 2956 decimo.
848 2892 917 2955 Nos
940 2892 1040 2976 igitur
1053 2894 1239 2958 Willelmus
1263 2901 1296 2960 et

153 2994 324 3069 Robertus‚
340 2992 502 3068 Canonici,
517 3012 553 3055 ac
568 2992 592 3055 J
593 2992 735 3054 ohannes
751 2990 850 3066 Prior,
865 2991 1020 3072 praedicti,
1034 3013 1092 3074 pro
1107 2993 1191 3056 bono
1206 2995 1294 3075 pacis

152 3097 187 3156 et
204 3092 379 3155 concordiae
393 3092 477 3154 inter
496 3095 601 3173 partes
618 3090 857 3173 suprascriptas,
873 3090 1042 3173 praedictas
1056 3091 1295 3171 submissiones,

151 3190 408 3274 suppositiones²
420 3195 452 3253 et
463 3190 676 3272 subJectiones
692 3190 727 3251 in
738 3209 796 3252 nos
808 3189 917 3265 factas
929 3189 1097 3272 utriusque
1105 3190 1207 3273 partis
1219 3211 1294 3254 con-

151 3310 285 3354 sensum
301 3289 502 3353 admittimus
518 3292 550 3351 et
565 3288 785 3371 approbamus,
801 3288 997 3352 aestimantes
1020 3309 1092 3372 ergo
1108 3310 1174 3353 non
1188 3290 1293 3355 solum

150 3389 240 3472 apud
250 3409 307 3452 nos
316 3391 389 3472 jura
398 3388 538 3471 partium
549 3377 781 3470 predictarum,
794 3387 866 3451 sed3
876 3388 974 3451 etiarn
983 3394 1058 3452 vota
1068 3394 1100 3452 et
1109 3390 1292 3456 voluntates

149 3493 344 3572 spontaneas
367 3487 524 3550 solicitius
548 3486 777 3562 examinantes,
801 3486 994 3564 ordinamus,
1015 3488 1192 3567 laudamus,
1213 3489 1293 3555 dici-

148 3609 234 3664 mus,
246 3587 445 3661 arbitramur,
456 3586 701 3668 pronuntiamus
717 3591 749 3648 et
761 3584 961 3650 decemimus
977 3588 1072 3669 quod,
1082 3588 1151 3653 sine
1167 3595 1291 3653 contra·

148 3687 301 3762 dictione,
323 3686 569 3767 perturbatione,
584 3683 815 3760 molestatione,
830 3686 1073 3768 inquietatione,
1088 3689 1290 3771 impetitione

148 3788 398 3871 quibuscunque
413 3784 572 3848 dictorum
586 3783 724 3846 Abbatis
747 3789 779 3846 et
802 3784 893 3849 Oonv
907 3785 947 3848 de
962 3786 1129 3868 Whiteby‚
1143 3788 1212 3850 sive
1233 3807 1291 3870 per

147 3885 287 3960 eosdem,
310 3889 366 3947 aut
391 3904 500 3947 eorum
526 3882 664 3956 nomine,
680 3881 715 3943 in
738 3903 929 3966 quacunque
952 3882 1048 3946 Curia
1074 3883 1290 3947 ecclesiastica

145 3985 201 4050 vel
218 3984 364 4048 saeculari
379 3984 418 4046 de
434 3988 545 4046 caetero
561 3982 778 4064 qualicunque
790 3981 954 4055 faciendis,
968 3982 1135 4045 memorati
1150 3983 1241 4045 Prior
1256 3990 1290 4047 et

183 4109 192 4140 ¹
211 4109 296 4159 There
309 4125 353 4158 are
367 4108 512 4158 variatious
524 4107 552 4157 of
566 4106 679 4173 spelling
691 4121 720 4156 as
733 4110 761 4156 to
774 4106 821 4156 the
839 4106 1023 4170 place-names,
1037 4106 1091 4156 and
1103 4122 1131 4156 as
1143 4107 1189 4157 the
1202 4107 1288 4159 entire

143 4195 291 4244 document
303 4208 367 4241 runs
380 4191 407 4240 in
419 4192 466 4241 the
484 4206 560 4240 name
572 4189 600 4240 oi
618 4188 666 4238 the
678 4188 770 4238 Abbot
789 4189 841 4238 and
860 4188 982 4238 convent
994 4187 1022 4238 of
1039 4188 1162 4254 Whitby,
1178 4205 1223 4239 noa
1234 4192 1288 4242 and

142 4282 239 4327 ooalrae
252 4291 296 4323 are
308 4274 373 4323 used
385 4273 414 4322 in
425 4273 498 4337 place
511 4272 539 4322 of
557 4288 603 4332 cos,
620 4286 713 4332 comm,
727 4287 785 4333 suoe,
799 4273 848 4323 etc.
886 4270 925 4320 As
939 4269 1073 4320 instances
1085 4271 1113 4321 of
1131 4272 1177 4321 the
1189 4271 1288 4324 former

143 4375 186 4407 we
199 4357 267 4406 have
284 4355 485 4421 “Boghelelle,’'
499 4359 515 4382 “
525 4350 656 4419 Tylbay,”
671 4356 687 4380 “
698 4351 859 4418 Gessegyll,''
872 4352 900 4401 in
912 4352 986 4416 place
995 4351 1024 4402 ol
1035 4352 1082 4403 the
1096 4354 1287 4421 “Gogesfeld,¹'

144 4449 163 4470 “
174 4439 295 4505 Tybba,”
310 4438 503 4506 “Gassegille,''
517 4438 544 4488 of
556 4437 602 4488 the
615 4436 672 4486 first
686 4435 786 4501 pantol
798 4436 847 4487 No.
865 4437 923 4486 314.

182 4523 193 4554 ²
210 4524 408 4587 supposiaatonis.
1000 4516 1011 4549 ³
1029 4526 1070 4570 sel.
