2866 5002
247 523 517 575 CARTULARIUM
535 524 738 574 ABBATHIAE
756 525 804 574 DE
822 525 1007 576 WHITEBY.
1133 515 1194 574 317

56 685 189 770 [l]eotae,
196 688 274 750 etad
281 688 1198 774 dictiMonasteriiThesaurariumdeportataeetassignatae

55 787 190 864 fuerint,
205 787 430 851 communibus
447 788 596 851 omnibus
612 794 645 851 11
660 789 809 871 expensis
825 791 1011 854 necessariis
1028 791 1198 854 cotidianis

56 886 217 963 deductis,
239 887 334 950 dictae
356 887 509 970 pecuniae,
536 887 621 950 sicut
646 889 864 970 praemittitur,
889 890 928 952 ad
952 890 1197 953 Thesaurarium

55 986 263 1070 consignatae,
294 986 385 1048 nullo
415 986 518 1062 mod0,
548 986 639 1049 nulla
668 987 918 1070 ymaginatione,
945 990 1118 1066 occasione,
1141 1010 1198 1052 seu

54 1087 164 1150 colore
187 1086 332 1168 quaesito,
346 1085 423 1148 inde
445 1086 649 1168 recipiantur,
672 1086 838 1163 tollantur,
854 1087 921 1150 sive
941 1089 1127 1152 auferantur
1141 1111 1198 1173 per

54 1185 237 1269 quemlibet
252 1184 449 1260 officiarium,
466 1205 523 1248 seu
537 1184 639 1248 alium
662 1186 883 1270 cujuscunque
898 1188 979 1264 vice,
997 1190 1197 1265 anctoritate,

51 1285 210 1369 jussione,
225 1284 401 1360 voluntate,
413 1284 481 1347 sive
496 1284 657 1361 mandato,
672 1286 736 1348 nisi
760 1287 864 1368 quoad
879 1307 958 1351 usus
974 1287 1053 1351 dicti
1067 1289 1197 1352 Monas-

55 1386 135 1450 terii
158 1385 351 1449 necessarios
376 1392 409 1448 et
430 1385 613 1468 inopinatos
637 1393 843 1468 emergentes,
870 1407 927 1450 seu
950 1389 990 1451 ad
1014 1389 1198 1454 evidentem

57 1485 205 1569 ejusdem
220 1484 413 1547 Monasterii
434 1484 612 1548 utilitatem
628 1484 787 1548 duntaxat
809 1487 1049 1569 approbandam
1065 1493 1197 1551 111111-

57 1582 276 1668 probandam1
298 1603 354 1666 per
375 1583 583 1665 praesidentes
607 1590 640 1647 et
661 1585 762 1647 totius
779 1585 975 1662 Conventus,
990 1604 1046 1649 seu
1068 1588 1198 1670 majoris

58 1683 162 1767 partis
178 1683 322 1765 ejusdem
336 1682 537 1759 Monasterii,
549 1703 723 1746 consensus
735 1683 908 1748 deliberate
923 1691 955 1749 et
967 1685 1103 1749 discrete
1119 1707 1198 1768 prae-

57 1784 164 1860 stitos,
179 1789 212 1846 et
233 1788 312 1845 tunc
328 1782 459 1845 demum
481 1783 578 1846 etiam
595 1804 668 1846 cum
683 1783 778 1846 dictae
800 1784 1016 1862 necessitates,
1031 1805 1123 1848 casus
1145 1786 1199 1849 vel

58 1882 220 1946 utilitates
247 1881 319 1944 aliis
346 1880 440 1944 bonis
467 1887 500 1945 et
523 1881 790 1963 possessionibus,
816 1903 873 1946 seu
899 1883 1038 1959 aliunde,
1064 1883 1198 1948 minime

57 1981 203 2064 poterint
217 1979 360 2055 relevari,
376 1980 538 2056 sustineri,
554 1981 621 2044 sive
641 1982 827 2046 remediari:
851 1987 883 2045 et
898 1982 984 2064 quod
1006 1982 1198 2047 universalis

57 2087 165 2146 status
181 2080 372 2144 Monasterii
394 2080 430 2142 in
446 2080 596 2163 Capitnlo
620 2081 699 2144 dicti
722 2082 912 2145 Monasterii
936 2082 1034 2146 semel
1056 2083 1091 2145 in
1114 2104 1198 2147 anno

57 2181 249 2245 declaretur.
292 2180 336 2242 Et
351 2179 392 2242 ad
415 2179 649 2242 observandum
664 2180 850 2262 praedictam
873 2180 1116 2259 ordinationem,
1132 2204 1199 2260 nos,

58 2280 161 2355 Prior,
176 2283 208 2341 11
222 2277 376 2361 praedicti,
392 2298 502 2341 omnes
519 2283 551 2341 et
566 2278 695 2361 singuli,
713 2279 864 2342 monachi
879 2286 912 2342 et
928 2281 1103 2345 confratres
1119 2283 1198 2346 dicti

58 2379 98 2442 M
98 2378 263 2453 onasterii,
278 2398 368 2459 pure,
378 2377 479 2440 libere
494 2382 527 2441 et
542 2384 665 2460 sponte,
680 2385 713 2441 et
727 2379 762 2441 in
774 2400 979 2463 quocumque
994 2387 1090 2458 statu,
1099 2383 1200 2466 gradu

56 2478 229 2543 ethonore
244 2477 409 2552 fuerimus,
418 2476 453 2538 11
468 2477 639 2559 praesentia
653 2471 771 2542 notarii
782 2479 906 2563 publici
921 2486 954 2544 et
964 2483 1100 2567 testium
1116 2482 1200 2546 infra

56 2576 263 2660 scriptorum,
278 2575 320 2638 ad
342 2573 422 2638 ora'2
443 2575 516 2652 Dei,
532 2577 700 2659 evangelia
722 2598 779 2660 per
793 2599 851 2642 nos
872 2585 905 2642 et
927 2580 1105 2661 quemlibet
1126 2601 1200 2645 nos·

55 2684 149 2740 trum
166 2674 370 2758 corporaliter
384 2681 480 2751 tacta,
498 2676 645 2757 juramus
661 2682 693 2740 et
707 2683 897 2760 praestamus
919 2683 952 2741 et
966 2679 1104 2760 quilibet
1126 2700 1200 2743 nos-

55 2784 149 2841 trum
161 2776 251 2858 jurat
266 2782 298 2838 et
313 2780 445 2858 praestat
461 2783 706 2853 sacramentum,
722 2783 755 2840 et
769 2797 865 2859 super
879 2777 1044 2859 praemissa
1058 2778 1199 2860 petimus

55 2896 166 2940 unum
192 2874 245 2938 vel
270 2875 364 2957 plura
389 2874 458 2938 fieri
484 2875 739 2938 instrumentum
767 2875 821 2938 vel
845 2875 1071 2940 instrumenta.
1115 2876 1200 2939 Acts

55 2979 196 3041 fuerunt
231 2974 299 3037 haec
330 2981 426 3057 prout
455 2994 552 3056 supra
582 2975 774 3050 scribuntur,
804 2975 864 3038 sub
895 2994 987 3051 anno,
1017 2974 1201 3053 indictione,

57 3075 231 3149 Pontifice,
246 3093 365 3150 mense,
378 3074 438 3150 die,
454 3078 486 3136 et
500 3073 571 3136 loco
586 3074 757 3155 praedictis,
779 3074 989 3157 praesentibus
1005 3074 1200 3139 Reverendis

57 3183 94 3240 et
111 3172 259 3237 discretis
271 3173 550 3256 viris—Magistro
563 3173 684 3235 Thoma
696 3173 734 3235 de
745 3172 977 3256 Walkyngton,
990 3173 1071 3236 sacri
1083 3173 1201 3237 Palatii

57 3272 244 3357 Apostolici
266 3293 435 3335 causarum
453 3272 617 3348 Auditore,
633 3279 666 3335 et
688 3273 844 3355 Magistro
867 3273 907 3335 de
930 3272 1079 3349 Newark,
1095 3274 1201 3338 Curiae

58 3375 157 3437 Ebor.
188 3372 351 3448 advocate,
378 3371 516 3436 testibus
546 3371 587 3434 ad
617 3371 782 3453 praemissa
807 3372 930 3435 vocatis
959 3372 1139 3455 specialiter
1169 3379 1201 3437 et

58 3473 190 3556 rogatis.

106 3571 215 3655 (131b)
239 3572 282 3633 Et
305 3592 371 3654 ego,
391 3571 569 3634 Nicholaus
592 3569 709 3633 Bronn'
732 3569 772 3634 de
787 3571 1027 3655 Esyngewalde,
1050 3574 1202 3650 Clericus

59 3672 158 3734 Ebor.
181 3670 342 3733 dioceseos
373 3671 522 3752 publicus
548 3670 739 3733 auctoritate
769 3672 923 3747 notarius,
949 3673 1028 3735 dnm
1056 3671 1202 3755 praedicti

58 3771 229 3836 lohannes
250 3769 408 3845 Allerton,
429 3770 527 3845 Prior,
554 3790 590 3833 ac
617 3790 727 3833 omnes
748 3776 781 3833 et
799 3771 918 3854 singuli
941 3771 1099 3846 monachi,
1123 3772 1202 3834 dicti

59 3870 256 3936 Monasterii
282 3870 486 3933 Conventum
509 3869 576 3932 sive
599 3869 788 3952 Capitulum
812 3869 891 3932 dicti
913 3869 1104 3933 Monasterii
1122 3875 1200 3933 tunc

59 3971 226 4045 facientes,
248 3973 286 4031 ut
309 3968 466 4043 dicebant,
491 3967 609 4030 dictam
632 3968 875 4042 ordinationem,
897 3965 966 4028 sive
984 3971 1151 4043 statutum,
1166 3968 1202 4029 in

58 4067 208 4151 scriptis3
223 4067 394 4143 redactam,
411 4086 516 4130 coram
539 4066 584 4129 eis
600 4066 662 4149 legi
685 4067 838 4140 fecerunt,
853 4069 886 4127 11
906 4063 1006 4139 illam,
1021 4064 1089 4126 sive
1109 4065 1201 4142 illud,

57 4171 166 4233 facere
191 4166 341 4230 similiter
364 4170 584 4229 convenerunt
608 4171 640 4227 et
660 4165 815 4228 fecerunt
828 4164 864 4226 in
891 4163 993 4225 forma
1016 4170 1201 4245 praenotata,

96 4327 106 4360 ¹
126 4327 184 4378 The
197 4326 308 4391 reading
320 4325 383 4375 here
396 4324 418 4374 is
430 4324 576 4374 uncertain.
618 4323 643 4373 11
656 4339 766 4389 appears
784 4326 814 4373 to
825 4323 859 4374 be
871 4323 1035 4388 approbandi
1047 4330 1070 4374 11
1087 4340 1201 4390 compro-

58 4411 147 4472 bandi,
161 4409 212 4459 but
225 4408 248 4457 it
261 4423 322 4471 may
334 4406 367 4456 be
379 4410 470 4456 meant
482 4405 524 4455 for
537 4405 697 4469 opproboad'
709 4412 731 4455 11
744 4406 927 4470 coraprobaud’.
987 4402 990 4408 ’

97 4492 190 4545 ²0ra'.
229 4490 314 4540 What
326 4490 349 4540 is
360 4489 488 4540 intended
501 4489 523 4539 is
535 4494 583 4539 not
595 4491 729 4554 apparent.
977 4486 1128 4554 ⁸inacripa’.
