2866 5002
250 537 522 590 CARTULARIUM
541 537 743 588 ABBATHIAE
760 537 809 586 DE
827 537 1012 588 WHITEBY.
1142 529 1202 586 259

55 724 82 767 s,
97 703 133 765 in
148 703 232 765 D’no
248 703 485 786 sempiternam.
519 701 700 764 Visitantes
709 721 811 784 nuper
822 701 988 765 ecclesiam
1003 706 1036 765 et
1051 700 1203 766 diocesim

57 807 205 865 nostram
220 800 479 877 Karliolensem‚1
500 801 587 864 inter
608 805 723 863 caetera
744 800 942 864 visitationis
963 807 1080 864 nostrae
1102 800 1206 864 officia

59 901 294 984 contingentia,
317 900 530 982 comperimus
553 899 639 982 quod
661 898 816 982 Religiosi
830 900 902 977 viri,
916 900 1027 964 Abbas
1050 905 1082 962 et
1105 901 1204 964 Oonv.

57 1000 102 1063 de
118 1000 283 1082 Whiteby,
298 1000 430 1063 Eborac.
455 999 624 1074 dioceseos,
639 998 807 1061 ecclesiam
826 998 865 1062 de
890 999 1047 1082 Orosseby
1061 999 1204 1063 Ravens-

57 1099 166 1161 warth
187 1099 411 1181 parochialem,
426 1103 543 1161 nostrae
565 1097 736 1173 dioceseos
755 1118 829 1160 curn
851 1098 1054 1180 pertinentiis
1077 1099 1154 1176 suis,
1168 1100 1203 1161 in

56 1218 140 1262 usus
166 1218 239 1261 suos
265 1198 409 1280 proprios
432 1197 471 1259 de
497 1197 582 1259 facto
605 1196 760 1273 detinent,
783 1201 816 1260 et
839 1197 878 1259 de
900 1198 973 1279 jure
998 1198 1131 1280 speciali
1156 1199 1202 1261 sic

56 1297 236 1360 vendicant
252 1297 405 1379 optinere.
450 1296 584 1359 Vocatis
600 1295 699 1379 igitur
721 1315 818 1377 super
836 1295 897 1358 hoc
913 1296 1007 1360 dictis
1024 1297 1202 1380 Religiosis,

58 1402 94 1461 et
117 1403 319 1479 procuratore
341 1395 536 1459 sufficienter
561 1395 819 1477 comparentibus
843 1414 948 1457 coram
971 1396 1073 1472 nobis,
1089 1395 1202 1460 diebus

58 1501 95 1560 et
110 1495 189 1559 locis
204 1495 351 1578 congruis
364 1495 404 1558 ad
415 1494 475 1558 hoc
488 1494 580 1570 datis,
589 1494 790 1578 propositum
802 1495 865 1556 fuit
877 1513 917 1557 ex
927 1499 1018 1576 parte
1030 1495 1200 1558 eolundem

58 1594 148 1678 quod
164 1595 227 1677 ipsi
242 1594 336 1677 praed.
353 1592 520 1657 ecclesiam
535 1593 574 1656 de
591 1593 747 1675 Orosseby
763 1592 995 1656 Ravenswarth
1011 1593 1050 1656 ab
1066 1593 1200 1676 antiquo

57 1693 108 1758 eis
135 1694 286 1756 canonice
311 1693 548 1777 appropriatam
575 1693 784 1774 optinuerunt
807 1698 840 1756 et
864 1693 1081 1774 possederunt,
1105 1694 1201 1757 etad

57 1791 126 1855 huo
152 1793 299 1874 optinent
326 1798 358 1854 et
382 1791 549 1874 possident
574 1791 610 1854 in
639 1791 791 1874 praesenti
821 1798 924 1855 cartas
950 1797 983 1855 et
1009 1792 1200 1857 documenta

56 1891 326 1974 praedecessorum
339 1898 529 1967 nostrorum,
541 1891 772 1974 Episcoporum
785 1890 928 1968 Karliol.,
938 1897 970 1954 et
984 1898 1200 1973 patronorum,

57 1995 92 2054 et
102 1990 377 2053 confirmationem
387 1989 531 2071 Capituli
539 1989 691 2053 Ecclesiae
700 1996 816 2053 nostrae
827 1989 1027 2054 Cathedralis
1037 1990 1200 2075 Ka[r]liol.

57 2090 221 2173 praedicta
237 2110 333 2172 super
347 2090 409 2152 hoe
424 2089 459 2151 in
479 2089 585 2153 medio
601 2089 790 2154 exhibendo.
837 2091 905 2153 Nos
927 2090 1035 2174 igitur,
1049 2091 1203 2174 inspectis

58 2195 93 2251 et
119 2188 294 2252 intellectis
319 2188 492 2270 propositis
518 2193 551 2250 et
581 2187 733 2251 exhibitis
760 2188 826 2252 suis
853 2189 888 2251 in
913 2189 973 2253 1100
999 2197 1099 2274 parte,
1125 2190 1202 2275 quia

57 2287 246 2351 invenimus
275 2307 328 2350 eos
358 2286 552 2350 sufficienter
573 2287 715 2350 munitos
745 2288 781 2350 in
809 2289 981 2372 praedictis,
1000 2289 1087 2373 ipsos
1118 2291 1202 2355 sicut

58 2406 256 2470 possessores
287 2386 464 2462 canonicos,
487 2393 519 2449 et
541 2385 736 2450 sufficienter
765 2389 907 2453 munitos
933 2389 973 2453 ab
999 2389 1202 2474 impetitione

59 2484 158 2548 officii
173 2486 281 2562 nostri,
297 2485 501 2562 absolvimus,
516 2490 549 2548 et
564 2506 620 2568 per
635 2485 798 2550 decretum
813 2488 1007 2552 dimittimus
1030 2489 1202 2553 absolutos.

60 2585 104 2647 10
129 2585 222 2667 cujus
251 2585 297 2649 rei
326 2590 398 2649 test.
430 2585 485 2668 sig.
516 2591 663 2647 nostrum
692 2587 903 2669 praesentibus
934 2593 982 2650 est
1015 2608 1202 2671 appensum.

60 2686 187 2747 Datum
215 2684 251 2747 in
276 2685 417 2748 manerio
448 2691 556 2747 nostro
582 2685 669 2768 apud
694 2685 726 2748 la
753 2687 845 2762 Rosa,
870 2686 903 2749 ii.
929 2684 1083 2750 kalendas
1109 2686 1203 2772 Julii,

59 2784 100 2847 A.
117 2785 158 2847 D.
173 2784 345 2848 millesimo
369 2793 459 2848 000ῙΠΟ
475 2782 627 2847 vicesimo
650 2792 749 2861 sexte,
765 2790 798 2848 et
813 2791 930 2848 nostrae
952 2784 1202 2848 consecrationis
1301 2845 1306 2854 ,

59 2904 146 2947 0000
162 2884 309 2947 secundo.

324 3108 486 3173 ceoxss.
509 3109 597 3172 Ama
613 3125 719 3172 0111101
734 3125 777 3172 nn
793 3108 932 3172 Cacsar.

107 3272 200 3335 Omn.
228 3272 257 3334 S.
285 3272 330 3334 M.
358 3271 441 3334 Eccl.
466 3272 551 3350 filiis,
578 3272 618 3335 ad
645 3292 725 3354 quos
750 3292 797 3354 pr.
824 3290 881 3333 scr.
908 3289 1004 3352 perv,
1030 3269 1137 3332 Adam
1162 3269 1202 3332 de

61 3371 314 3447 Wathamstede,
346 3371 548 3452 Capellanus,
575 3392 598 3435 s.
631 3371 666 3433 in
695 3371 844 3434 Domino.
890 3369 1054 3433 Noveritis
1085 3389 1136 3431 me
1166 3368 1201 3430 in

60 3471 232 3553 praesentia
263 3470 329 3532 d’ni
362 3469 547 3552 11[01)0111],2
579 3469 794 3533 Karliolensis
831 3469 911 3552 Ep’i,
940 3470 1064 3532 factum
1093 3489 1201 3532 meum

60 3568 280 3651 approbantis,
295 3568 355 3630 toti
375 3568 441 3650 juri
463 3588 533 3630 meo
556 3568 641 3650 quod
664 3569 763 3631 habui
781 3568 835 3632 vel
857 3568 972 3632 habere
994 3568 1096 3651 potui,
1114 3567 1202 3631 omni

60 3666 181 3730 actioni
196 3666 356 3729 institutae
371 3666 424 3729 vel
440 3666 646 3729 instituendae
668 3667 703 3729 in
718 3667 837 3730 vicaria
852 3667 992 3731 ecclesiae
1007 3667 1047 3730 de
1063 3667 1201 3747 Crossby

60 3765 303 3840 Pavenswarth,
319 3764 454 3828 Karliol.
471 3765 639 3841 dioceseos,
656 3786 712 3829 seu
734 3787 792 3848 pro
815 3767 934 3843 eadem,
950 3766 1021 3829 d'no
1036 3764 1201 3828 Willelmo

60 3864 101 3926 de
124 3863 324 3945 Kyrkeham,
339 3863 534 3946 procuratori
558 3864 623 3926 d'ni
644 3865 780 3929 Abbatis
803 3866 843 3928 de
865 3865 1022 3946 Whiteby
1037 3869 1069 3927 et
1093 3864 1201 3937 Conv,

59 3963 271 4026 renuntiasse.
297 3968 337 4038 et,
366 3960 448 4044 (94¹³)
477 3963 553 4045 quia
579 3963 722 4047 sigillum
752 3985 861 4027 meum
886 3984 952 4026 non
978 3968 1026 4026 est
1052 3961 1199 4044 pluribus

59 4066 184 4136 notum,
207 4061 263 4143 sig.
283 4061 362 4123 dicti
377 4060 579 4125 Venerabilis
601 4063 702 4145 patris
725 4061 896 4145 R[oberti],
919 4058 1096 4124 Karleolii³
1118 4059 1199 4142 Ep'i,

58 4160 272 4243 praesentibus
289 4161 406 4242 apponi
421 4161 599 4242 procuravi.
644 4161 720 4224 Hiis
742 4161 887 4224 testibus,
932 4160 1016 4222 D’no
1032 4157 1197 4222 Willelmo

60 4260 101 4322 de
130 4259 404 4322 Whatehamsted.
458 4259 540 4322 M’ro
571 4260 644 4326 W.
668 4309 704 4324 ..
743 4260 860 4323 Fresta.
906 4257 1028 4320 Thema
1058 4256 1097 4320 de
1127 4256 1199 4339 Ely,

60 4359 191 4423 Clerico.
249 4358 395 4422 Gilberto
419 4359 458 4422 de
481 4358 683 4441 Smytheton,
707 4359 848 4436 Clerico;
886 4362 917 4420 et
940 4356 1019 4420 aliis.
1074 4357 1198 4420 Datum

98 4485 104 4514 ¹
127 4483 254 4534 Karlioo’.
433 4481 443 4514 ²
464 4484 563 4534 Robert
575 4485 608 4534 de
621 4484 732 4546 Chause,
749 4485 870 4538 1258·78.
918 4501 922 4506 ·
1035 4483 1045 4516 ³
1065 4484 1161 4536 Karlii.
