2866 5002
69 514 129 568 252
251 517 521 572 CARTULARIUM
541 516 743 567 ABBATHIAE
764 516 817 568 DE
836 517 1046 573 WHITEBY.

64 705 170 747 coram
187 686 278 748 nobis
294 684 332 747 de
344 688 458 748 cetero
474 681 631 759 deserant,
645 685 679 745 et
693 680 803 745 eidem
819 683 1033 747 renuntiant
1043 682 1192 768 simpliciter

64 793 96 848 et
127 786 162 847 iu
192 785 328 867 scriptis.
388 784 431 845 Et
461 784 489 846 si
518 780 630 863 aliqua
665 781 811 864 partium
845 783 1092 865 praedictarum
1117 786 1194 845 conta

65 885 212 966 superius
243 884 399 958 ordinata,
425 881 572 956 diffinita,
599 901 656 944 seu
687 880 817 944 decreta
848 883 1025 966 quicquid
1056 880 1195 947 feceritis

63 985 219 1058 futurum,
228 1003 301 1065 pars
311 981 556 1045 contravenicns
565 979 650 1042 D’no
660 979 936 1062 Archiepiscop0‚
948 983 1011 1065 qui
1021 976 1080 1066 pro
1087 987 1196 1063 tempore

62 1083 237 1157 fueritve]
256 1083 325 1163 ejus
349 1079 488 1144 Officiali
510 1098 568 1142 suo
590 1079 730 1155 nomine,
745 1078 782 1140 xl
805 1099 943 1145 marcas
967 1082 1105 1146 nomine
1122 1098 1196 1163 pena

64 1182 256 1256 numerabit,
285 1187 317 1244 et
347 1179 578 1244 nichilominus
608 1178 650 1242 ad
682 1179 976 1246 conservationem
1016 1178 1198 1246 ordinationis

64 1281 288 1362 suprascripta>
325 1277 567 1342 cohercebitur²
596 1297 694 1341 causa
722 1277 835 1343 effect’.
904 1281 953 1344 Et
984 1287 1030 1345 ut
1066 1279 1199 1364 praemissa

64 1378 198 1441 firmiter
219 1383 380 1454 maneant,
395 1398 455 1441 nec
477 1378 512 1440 in
534 1376 700 1440 residuum
714 1396 844 1459 quoque
869 1379 977 1442 modo
1001 1381 1122 1444 futuris
1140 1384 1199 1442 tem·

63 1477 195 1560 poribus
217 1477 413 1553 relabantur,
428 1477 534 1558 sigillo
553 1475 761 1539 officialitatis
777 1475 890 1540 Curiae
915 1478 1135 1545 Eboracensis
1149 1476 1197 1560 (90)

62 1577 277 1660 sigillavimus
291 1598 337 1660 pr.
349 1577 516 1659 scriptum,
527 1574 615 1658 quod
629 1595 728 1658 penes
743 1581 925 1658 utramque
940 1584 1076 1661 partem
1087 1577 1199 1650 divisin,

64 1697 138 1739 curn
161 1676 275 1759 sigillis
298 1677 440 1758 partium
466 1674 652 1738 alternatim
677 1673 843 1757 appositis,
865 1674 1123 1760 imperpetuum
1142 1675 1198 1739 resi·

64 1776 161 1840 debit.
206 1777 331 1838 Datum
353 1774 489 1838 Eboraci
512 1773 700 1837 duodecimo
723 1772 893 1836 Kalendas
919 1775 1023 1854 Julii,
1038 1777 1079 1840 A.
1096 1775 1132 1841 G.
1144 1773 1197 1837 nil·

64 1874 177 1939 lesimo
192 1896 227 1939 cc
243 1875 441 1958 sexagesimo
457 1894 550 1939 nono.

207 2050 349 2115 CCCIX.
373 2049 602 2113 Germaniano
618 2060 781 2110 accursus
796 2060 840 2108 un
864 2044 991 2113 Sanan
1009 2067 1074 2116 rso

438 2150 719 2197 arruorsnrrosn
735 2148 822 2197 urus

109 2259 279 2325 Universis
302 2260 331 2323 S.
348 2259 394 2322 M.
417 2256 571 2320 Ecclesiae
593 2255 678 2331 filiis,
699 2255 740 2318 ad
762 2275 843 2337 quos
865 2277 916 2339 pr.
937 2278 1000 2324 ser.
1025 2260 1197 2343 pervenerit,

64 2359 142 2420 D’ui
158 2358 313 2420 Oliicialis
337 2357 442 2419 Curiae
457 2354 667 2418 Eboracensis
691 2353 907 2419 Comissarius
932 2357 1119 2436 Generalis,
1138 2358 1197 2422 sin

64 2457 148 2520 D’no
173 2457 408 2537 sempiternam.
453 2454 592 2517 Noverit
616 2454 706 2519 uuir.
730 2474 759 2518 v.
783 2454 870 2536 quod
896 2476 969 2534 nos,
992 2457 1033 2521 in
1058 2480 1150 2524 causa
1167 2457 1197 2520 (10

63 2577 127 2638 qua
142 2555 277 2617 inferius
294 2559 497 2629 memoratur,
513 2573 620 2616 coram
635 2552 727 2616 nobis
742 2553 778 2615 in
793 2553 879 2617 dicta
896 2554 1003 2619 Curia
1019 2555 1197 2623 Eboracensi

63 2656 149 2717 inter
170 2658 277 2735 partes
299 2651 520 2733 infrascriptas
542 2671 646 2734 nuper
660 2657 747 2714 mota
762 2655 795 2714 et
815 2651 992 2734 pendente,
1009 2656 1121 2721 debite
1139 2675 1197 2739 pro

63 2753 221 2827 cedentes
246 2750 475 2813 decimonono
498 2749 551 2813 die
573 2749 693 2813 mensis
714 2749 880 2812 Februarii
901 2750 945 2815 A
970 2753 1015 2818 D.
1040 2754 1196 2818 millesimo

62 2874 116 2918 ccc
139 2851 372 2936 septuagesimo
394 2854 516 2925 octavo,
538 2848 732 2912 sententiam
754 2848 929 2912 diffinitam
951 2850 990 2913 in
1010 2852 1127 2917 eadem
1139 2871 1196 2936 pro

60 2953 196 3016 tulimus
224 2950 285 3014 sub
307 2950 366 3012 hac
388 2948 480 3010 firma
492 2947 586 3010 t-In
607 2947 672 3011 Dei
693 2947 833 3024 nomine,
855 2947 976 3013 Amen.
1023 2951 1156 3017 Auditis
1171 2954 1197 3014 et

60 3052 235 3115 intellectis
250 3049 374 3112 meritis
390 3066 494 3110 causae
509 3047 674 3110 occasione
688 3067 755 3109 non
775 3045 949 3111 solutionis
964 3057 1096 3132 quartae
1110 3049 1197 3136 partis

61 3151 165 3213 oneris
192 3146 436 3213 extraordinarii
460 3145 601 3209 ecclesiae
630 3144 823 3228 parochialis
849 3145 888 3209 (16
919 3146 1049 3229 semar,
1076 3149 1197 3215 Eboraci

61 3249 230 3324 dioceseos,
245 3251 333 3310 mota
355 3249 388 3309 et
402 3243 564 3326 pendente
579 3263 686 3306 coram
708 3242 810 3320 nobis,
825 3242 904 3306 D'ni
920 3243 1086 3314 Officialis
1105 3249 1197 3315 Curis

58 3346 267 3408 Eboraoensis
306 3342 534 3408 Commissario
572 3342 732 3420 Generali,
769 3340 855 3405 inter
895 3341 1086 3427 Religiosos
1114 3348 1197 3419 viros,

58 3445 221 3507 Abbatcm
243 3449 276 3506 et
299 3443 398 3507 Conv.
422 3441 538 3504 Mon’ii
560 3441 600 3505 de
622 3441 787 3524 Whiteby,
811 3440 944 3506 Ordinis
968 3444 1001 3508 S.
1025 3445 1197 3521 Benedicti

59 3542 193 3604 Eboraci
215 3542 386 3617 dioceseos,
409 3541 529 3604 dictam
545 3539 713 3604 ecclesiam
735 3539 776 3605 de
798 3540 917 3617 Semar,
940 3541 1037 3608 salva
1059 3546 1197 3629 portione

57 3641 186 3706 vicaria
207 3640 242 3702 iu
262 3641 333 3723 ipsa
349 3640 482 3703 eeclesia
496 3639 659 3716 ordinatae,
674 3640 720 3703 eis
736 3644 769 3703 61
784 3659 894 3703 eorum
908 3639 1117 3709 Monasterio
1131 3665 1195 3709 can·

1238 1872 1262 2877 l

1250 2902 1267 3475 i

57 3741 148 3805 onice
163 3741 290 3804 unitam
312 3746 345 3803 et
360 3760 529 3815 annexam,
544 3739 581 3803 in
598 3759 674 3802 usus
696 3738 841 3822 proprios
863 3738 1065 3822 optinentes,
1081 3754 1195 3828 partem
1265 3800 1268 3805 .

57 3841 209 3906 actricem
223 3860 280 3922 per
296 3839 488 3921 Magistrum
500 3839 523 3903 J
525 3839 685 3902 ohannem
701 3838 740 3901 (16
756 3839 926 3922 Staynton‚
938 3838 1118 3920 Clericum‚
1132 3863 1194 3928 pru

56 3945 235 4003 curatorem
250 3959 354 4013 suum,
370 3945 617 4021 comparentem,
632 3958 672 4001 ex
687 3943 778 4021 parte
799 3958 883 4017 una;
906 3942 938 4001 61
957 3939 1141 4007 Robertum
1160 3942 1195 4006 de

55 4038 224 4120 Segbroke,
238 4042 431 4119 perpetuum
440 4037 608 4100 Viearium
623 4037 718 4101 dictae
733 4036 874 4100 ecclesiae
885 4036 926 4101 de
941 4037 1068 4117 Semar‚
1079 4048 1193 4125 partem

54 4158 150 4212 roam,
165 4157 222 4219 por
236 4136 430 4218 Magistrum
452 4135 634 4199 Henricum
649 4135 689 4199 de
710 4134 916 4212 Axhiholme,
932 4135 1109 4217 clericum,
1129 4160 1193 4223 pro

54 4242 232 4298 curatorem
249 4256 353 4310 suum,
369 4239 617 4317 comparentem,
630 4255 669 4298 cx
686 4241 777 4318 parte
793 4233 895 4298 alteru
904 4257 913 4313 ;
934 4235 1048 4301 oblato
1063 4238 1155 4304 nobis
1165 4242 1193 4302 61

54 4335 147 4399 dieta
161 4335 245 4419 parti
269 4355 330 4399 rear
352 4334 462 4397 libello
485 4334 578 4416 eujus
600 4340 693 4397 tenor
715 4333 789 4398 talis
805 4334 962 4398 estz-In
979 4335 1045 4402 Dei
1060 4338 1191 4413 nornine,

511 4469 520 4502 ¹
539 4471 722 4524 altercabatur.

1261 4376 1272 4413 1
